%YAML 1.1
%TAG !u! tag:unity3d.com,2011:
--- !u!1001 &100100000
Prefab:
  m_ObjectHideFlags: 1
  serializedVersion: 2
  m_Modification:
    m_TransformParent: {fileID: 0}
    m_Modifications: []
    m_RemovedComponents: []
  m_ParentPrefab: {fileID: 0}
  m_RootGameObject: {fileID: 1966838455721370}
  m_IsPrefabParent: 1
--- !u!1 &1966838455721370
GameObject:
  m_ObjectHideFlags: 0
  m_PrefabParentObject: {fileID: 0}
  m_PrefabInternal: {fileID: 100100000}
  serializedVersion: 5
  m_Component:
  - component: {fileID: 4445213736477670}
  - component: {fileID: 111138645302841242}
  - component: {fileID: 114243900761874737}
  - component: {fileID: 114756012247381346}
  m_Layer: 16
  m_Name: Guard1
  m_TagString: Untagged
  m_Icon: {fileID: 0}
  m_NavMeshLayer: 0
  m_StaticEditorFlags: 0
  m_IsActive: 1
--- !u!4 &4445213736477670
Transform:
  m_ObjectHideFlags: 1
  m_PrefabParentObject: {fileID: 0}
  m_PrefabInternal: {fileID: 100100000}
  m_GameObject: {fileID: 1966838455721370}
  m_LocalRotation: {x: 0, y: 0, z: 0, w: 1}
  m_LocalPosition: {x: 0, y: 0, z: 0}
  m_LocalScale: {x: 0.5, y: 0.5, z: 0.5}
  m_Children:
  - {fileID: 4951810407919759}
  - {fileID: 4932050610520152}
  - {fileID: 4270022742996555}
  m_Father: {fileID: 0}
  m_RootOrder: 0
  m_LocalEulerAnglesHint: {x: 0, y: 0, z: 0}
--- !u!111 &111138645302841242
Animation:
  m_ObjectHideFlags: 1
  m_PrefabParentObject: {fileID: 0}
  m_PrefabInternal: {fileID: 100100000}
  m_GameObject: {fileID: 1966838455721370}
  m_Enabled: 1
  serializedVersion: 3
  m_Animation: {fileID: 7400000, guid: ab3c399b8c29f39e48f7d325111d168d, type: 2}
  m_Animations:
  - {fileID: 0}
  - {fileID: 0}
  - {fileID: 0}
  - {fileID: 0}
  - {fileID: 0}
  - {fileID: 0}
  - {fileID: 0}
  - {fileID: 0}
  - {fileID: 0}
  - {fileID: 0}
  - {fileID: 0}
  - {fileID: 0}
  - {fileID: 0}
  - {fileID: 0}
  - {fileID: 0}
  - {fileID: 0}
  - {fileID: 0}
  - {fileID: 0}
  - {fileID: 0}
  - {fileID: 0}
  - {fileID: 0}
  - {fileID: 0}
  - {fileID: 0}
  - {fileID: 0}
  - {fileID: 0}
  - {fileID: 0}
  - {fileID: 7400000, guid: 40db771d62d11e924aa22d3043f0aa6a, type: 2}
  - {fileID: 0}
  - {fileID: 0}
  - {fileID: 0}
  - {fileID: 7400000, guid: db5c079ce83167994907c08a1ccb0a77, type: 2}
  - {fileID: 0}
  - {fileID: 0}
  - {fileID: 0}
  - {fileID: 0}
  - {fileID: 0}
  - {fileID: 0}
  - {fileID: 0}
  - {fileID: 0}
  - {fileID: 0}
  - {fileID: 0}
  - {fileID: 0}
  - {fileID: 0}
  - {fileID: 0}
  - {fileID: 0}
  - {fileID: 0}
  - {fileID: 0}
  - {fileID: 0}
  - {fileID: 0}
  - {fileID: 0}
  - {fileID: 0}
  - {fileID: 0}
  - {fileID: 0}
  - {fileID: 0}
  - {fileID: 0}
  - {fileID: 0}
  - {fileID: 0}
  - {fileID: 0}
  - {fileID: 0}
  - {fileID: 0}
  - {fileID: 0}
  - {fileID: 0}
  - {fileID: 0}
  - {fileID: 0}
  - {fileID: 7400000, guid: 5f5d1afb40fffcab4ad10c215c147021, type: 2}
  - {fileID: 0}
  - {fileID: 0}
  - {fileID: 0}
  - {fileID: 0}
  - {fileID: 0}
  - {fileID: 0}
  - {fileID: 0}
  - {fileID: 0}
  - {fileID: 0}
  - {fileID: 0}
  - {fileID: 0}
  - {fileID: 7400000, guid: a64feaff08dc63b4431a0da9feb6d040, type: 2}
  - {fileID: 0}
  - {fileID: 0}
  - {fileID: 0}
  - {fileID: 0}
  - {fileID: 0}
  - {fileID: 0}
  - {fileID: 0}
  - {fileID: 0}
  - {fileID: 0}
  - {fileID: 0}
  - {fileID: 0}
  - {fileID: 0}
  - {fileID: 0}
  - {fileID: 0}
  - {fileID: 7400000, guid: 6453fc0dd7c8a0a5472aa003e2949e8d, type: 2}
  - {fileID: 7400000, guid: b1230a74054afaa2475c7bb20a1a581e, type: 2}
  - {fileID: 0}
  - {fileID: 7400000, guid: 452c19b0d853fa814e0f7b713772daf2, type: 2}
  - {fileID: 0}
  - {fileID: 7400000, guid: 7dfdb03936693aaf4711139ae78d3731, type: 2}
  - {fileID: 0}
  - {fileID: 0}
  - {fileID: 0}
  - {fileID: 0}
  - {fileID: 0}
  - {fileID: 0}
  - {fileID: 0}
  - {fileID: 0}
  - {fileID: 0}
  - {fileID: 7400000, guid: e7bbc2f6eb03379a4773250f2e92b881, type: 2}
  - {fileID: 7400000, guid: 3756431620a27fb04991054dc1e35bbc, type: 2}
  - {fileID: 0}
  - {fileID: 0}
  - {fileID: 7400000, guid: a08e6af0b4b1608a4256954147631d0f, type: 2}
  - {fileID: 0}
  - {fileID: 0}
  - {fileID: 0}
  - {fileID: 0}
  - {fileID: 0}
  - {fileID: 7400000, guid: 28cd0794be56cbb24ae50453172d1a33, type: 2}
  - {fileID: 0}
  - {fileID: 7400000, guid: 0861ef88d4ab068c48c11ee140b2418f, type: 2}
  - {fileID: 7400000, guid: cb9de8351404569c463baf57b021998a, type: 2}
  - {fileID: 7400000, guid: 0adfea71bc2fae974ba624b26cf4d023, type: 2}
  - {fileID: 7400000, guid: f1f2221cad6b1b8b46404136b5e988c3, type: 2}
  - {fileID: 7400000, guid: 68cf6b3ec5867cb649c6921381928a72, type: 2}
  - {fileID: 0}
  - {fileID: 7400000, guid: 54b452448b270aac4f7219c8d481e446, type: 2}
  - {fileID: 7400000, guid: ac00a294245c7289408ec97cf632e455, type: 2}
  - {fileID: 7400000, guid: 4ee6bd904ce8169246acfde50195fe5e, type: 2}
  - {fileID: 0}
  - {fileID: 7400000, guid: c5352017f5d020954a2f824ca895d126, type: 2}
  - {fileID: 7400000, guid: ce8d69fc13d104b9499eae86880e7097, type: 2}
  - {fileID: 7400000, guid: 689d290292e0a99f471209018c28fe0f, type: 2}
  - {fileID: 7400000, guid: d7e0008acd34c5b5438420eae39cd31a, type: 2}
  - {fileID: 7400000, guid: dacf63964872ffb946c0afe379b1c364, type: 2}
  - {fileID: 7400000, guid: 20ea42bd1a69429346ce17f4e8cc747c, type: 2}
  - {fileID: 7400000, guid: 70e1138be52d39b04d68051cd6991f51, type: 2}
  - {fileID: 7400000, guid: 6466b9e8d587d8844a68b9167e454f23, type: 2}
  - {fileID: 7400000, guid: 0dee3ec260a2598246d9351f87331192, type: 2}
  - {fileID: 7400000, guid: b9a7823dfc5498ab4fbdb48f04f74d2b, type: 2}
  - {fileID: 7400000, guid: 4c46409a7e4030954aa72c341ac75e14, type: 2}
  - {fileID: 7400000, guid: 4c6788f641a5a08a4d39f405e98c645a, type: 2}
  - {fileID: 0}
  - {fileID: 0}
  - {fileID: 7400000, guid: 3a8dbf28dbe622aa44e4a15f7705aa55, type: 2}
  - {fileID: 7400000, guid: 32be92b9e3bad1ad444a24af28bf1344, type: 2}
  - {fileID: 7400000, guid: 952db711f0a6f49444e767f23ab814d6, type: 2}
  - {fileID: 7400000, guid: d26893d2fe1dcdb84e9ebd021941d6bc, type: 2}
  - {fileID: 7400000, guid: 77853fa4a5e02e984496ba0529fb03f6, type: 2}
  - {fileID: 7400000, guid: 576f7afb15d844b343fdbf9354e3ee23, type: 2}
  - {fileID: 7400000, guid: d0f3ff4e014fd5b143506c706e9b2727, type: 2}
  - {fileID: 7400000, guid: d3bbfc55f3dd6bbf40fa9903e96de04f, type: 2}
  - {fileID: 7400000, guid: 3288dd4af79898934598b46fa6dede3c, type: 2}
  - {fileID: 7400000, guid: 2c769274bcbd00b24c7b67965e1b175a, type: 2}
  - {fileID: 7400000, guid: cc32ffe82db4aa8c479e758f41759d3c, type: 2}
  - {fileID: 0}
  - {fileID: 7400000, guid: 04d9db650d4d7dbb4255c1f7e1701df5, type: 2}
  - {fileID: 7400000, guid: 0acbaee580c5efbd4045db04ecec1b45, type: 2}
  - {fileID: 0}
  - {fileID: 7400000, guid: c41533983671c2994374ee54551639a8, type: 2}
  - {fileID: 0}
  - {fileID: 7400000, guid: c8766341191b1caa44d62aef53923b21, type: 2}
  - {fileID: 0}
  - {fileID: 7400000, guid: 44390b3b768e97814ac982a371f6c4af, type: 2}
  - {fileID: 7400000, guid: 18e50042318da39341785a395da71203, type: 2}
  - {fileID: 7400000, guid: 208bad827f5f6090450e9b799b44da66, type: 2}
  - {fileID: 7400000, guid: b6fc2088ea1702b64c2472e4a5dea6c3, type: 2}
  - {fileID: 7400000, guid: ac05f495fd036fbe44f887f82546f1c4, type: 2}
  - {fileID: 0}
  - {fileID: 0}
  - {fileID: 7400000, guid: 66c4b71854f6268d47c524fc19abb2ce, type: 2}
  - {fileID: 7400000, guid: debd017dc437c1844bff5b94563f901a, type: 2}
  - {fileID: 7400000, guid: 87d9aa305e8a54bf4c6e04858faaf649, type: 2}
  - {fileID: 7400000, guid: df981e36f193a79d430ab977658886fc, type: 2}
  - {fileID: 7400000, guid: ca6a86872cf67d9c4e818b51cd38d0cc, type: 2}
  - {fileID: 7400000, guid: 1c620e8c55bd399e472a6b04719476f6, type: 2}
  - {fileID: 7400000, guid: 6714b044d5b74e8f4a01563b7725ea27, type: 2}
  - {fileID: 7400000, guid: 77ee9687fb26c48c4d135e2f8b0f0f2c, type: 2}
  - {fileID: 7400000, guid: 2005b62a2b337daa486a171f2a167af8, type: 2}
  - {fileID: 7400000, guid: 6373894309eca39c4fa08989ae9ffe35, type: 2}
  - {fileID: 7400000, guid: 201665bce601c3a74bf10c6c462286ed, type: 2}
  - {fileID: 7400000, guid: 6db0dbe93f86398a4541f3b88709609a, type: 2}
  - {fileID: 7400000, guid: 7c92253203c7808f4549afa50ddda446, type: 2}
  - {fileID: 0}
  - {fileID: 0}
  - {fileID: 7400000, guid: 761dff6e30855abd4d397b8c124f8d44, type: 2}
  - {fileID: 7400000, guid: fc3c64a7fcfbb4bb4fda2010b1420053, type: 2}
  - {fileID: 7400000, guid: 405d00ed8b0f7f9f4f9d4ea5459fa171, type: 2}
  - {fileID: 7400000, guid: a045d98776a8a99040c6282c784ac7dd, type: 2}
  - {fileID: 7400000, guid: ae10f02735e1c6b3461dfc89248328f9, type: 2}
  - {fileID: 7400000, guid: bfb71aeea0a65eaf4891b2f9b1beb3a7, type: 2}
  - {fileID: 7400000, guid: cd4e4c8610eddeae46042b13aaee4245, type: 2}
  - {fileID: 7400000, guid: 6bd1760cc0314295415f3e50cf19d6d0, type: 2}
  - {fileID: 7400000, guid: ab3c399b8c29f39e48f7d325111d168d, type: 2}
  - {fileID: 7400000, guid: e51428d799c7689b4f8a4aa48fa55290, type: 2}
  - {fileID: 0}
  - {fileID: 0}
  - {fileID: 7400000, guid: 4af61648964d3d8d4bc93b919f303090, type: 2}
  - {fileID: 7400000, guid: 914183226b80518f452b5f7732ef6c5a, type: 2}
  - {fileID: 7400000, guid: 4654ccdf97b996b34b7d05422732e586, type: 2}
  - {fileID: 7400000, guid: 21f5e32d7daedcac4db3a93fa3f15bba, type: 2}
  - {fileID: 7400000, guid: 32764b0b1f5dc49440327c22f8bc0a74, type: 2}
  - {fileID: 7400000, guid: 9ff2060ba0c1c6b648d78d7e12a4ec09, type: 2}
  m_WrapMode: 0
  m_PlayAutomatically: 0
  m_AnimatePhysics: 0
  m_CullingType: 0
--- !u!114 &114243900761874737
MonoBehaviour:
  m_ObjectHideFlags: 1
  m_PrefabParentObject: {fileID: 0}
  m_PrefabInternal: {fileID: 100100000}
  m_GameObject: {fileID: 1966838455721370}
  m_Enabled: 1
  m_EditorHideFlags: 0
  m_Script: {fileID: 11500000, guid: 0000000deadbeef15deadf00d0000000, type: 3}
  m_Name:
  m_EditorClassIdentifier:
--- !u!114 &114756012247381346
MonoBehaviour:
  m_ObjectHideFlags: 1
  m_PrefabParentObject: {fileID: 0}
  m_PrefabInternal: {fileID: 100100000}
  m_GameObject: {fileID: 1966838455721370}
  m_Enabled: 1
  m_EditorHideFlags: 0
  m_Script: {fileID: 11500000, guid: 0000000deadbeef15deadf00d0000000, type: 3}
  m_Name:
  m_EditorClassIdentifier:
--- !u!1 &1300053591413016
GameObject:
  m_ObjectHideFlags: 0
  m_PrefabParentObject: {fileID: 0}
  m_PrefabInternal: {fileID: 100100000}
  serializedVersion: 5
  m_Component:
  - component: {fileID: 4951810407919759}
  m_Layer: 16
  m_Name: Bip01
  m_TagString: Untagged
  m_Icon: {fileID: 0}
  m_NavMeshLayer: 0
  m_StaticEditorFlags: 0
  m_IsActive: 1
--- !u!4 &4951810407919759
Transform:
  m_ObjectHideFlags: 1
  m_PrefabParentObject: {fileID: 0}
  m_PrefabInternal: {fileID: 100100000}
  m_GameObject: {fileID: 1300053591413016}
  m_LocalRotation: {x: -0.5, y: 0.5, z: 0.5, w: 0.5}
  m_LocalPosition: {x: 0, y: 0.562364, z: 0.056176}
  m_LocalScale: {x: 1, y: 1, z: 1}
  m_Children:
  - {fileID: 4608747895693365}
  - {fileID: 4758941262191662}
  - {fileID: 4198334054286003}
  m_Father: {fileID: 4445213736477670}
  m_RootOrder: 0
  m_LocalEulerAnglesHint: {x: -90, y: -90, z: 0}
--- !u!1 &1907742651024123
GameObject:
  m_ObjectHideFlags: 1
  m_PrefabParentObject: {fileID: 0}
  m_PrefabInternal: {fileID: 100100000}
  serializedVersion: 5
  m_Component:
  - component: {fileID: 4608747895693365}
  m_Layer: 16
  m_Name: Bip01 Footsteps
  m_TagString: Untagged
  m_Icon: {fileID: 0}
  m_NavMeshLayer: 0
  m_StaticEditorFlags: 0
  m_IsActive: 1
--- !u!4 &4608747895693365
Transform:
  m_ObjectHideFlags: 1
  m_PrefabParentObject: {fileID: 0}
  m_PrefabInternal: {fileID: 100100000}
  m_GameObject: {fileID: 1907742651024123}
  m_LocalRotation: {x: 0, y: 0, z: -0.7071064, w: 0.7071073}
  m_LocalPosition: {x: 0, y: 0, z: -0.5626926}
  m_LocalScale: {x: 1, y: 1, z: 1}
  m_Children: []
  m_Father: {fileID: 4951810407919759}
  m_RootOrder: 0
  m_LocalEulerAnglesHint: {x: 0, y: 0, z: 89.99992}
--- !u!1 &1418285556180442
GameObject:
  m_ObjectHideFlags: 1
  m_PrefabParentObject: {fileID: 0}
  m_PrefabInternal: {fileID: 100100000}
  serializedVersion: 5
  m_Component:
  - component: {fileID: 4758941262191662}
  m_Layer: 16
  m_Name: Bip01 Pelvis
  m_TagString: Untagged
  m_Icon: {fileID: 0}
  m_NavMeshLayer: 0
  m_StaticEditorFlags: 0
  m_IsActive: 1
--- !u!4 &4758941262191662
Transform:
  m_ObjectHideFlags: 1
  m_PrefabParentObject: {fileID: 0}
  m_PrefabInternal: {fileID: 100100000}
  m_GameObject: {fileID: 1418285556180442}
  m_LocalRotation: {x: -0.4999996, y: 0.5000004, z: 0.4999996, w: 0.5000004}
  m_LocalPosition: {x: 0, y: 0, z: 0}
  m_LocalScale: {x: 1, y: 1, z: 1}
  m_Children:
  - {fileID: 4405001544366964}
  - {fileID: 4830742226932687}
  m_Father: {fileID: 4951810407919759}
  m_RootOrder: 1
  m_LocalEulerAnglesHint: {x: -89.99992, y: -90, z: 0}
--- !u!1 &1533318978552385
GameObject:
  m_ObjectHideFlags: 1
  m_PrefabParentObject: {fileID: 0}
  m_PrefabInternal: {fileID: 100100000}
  serializedVersion: 5
  m_Component:
  - component: {fileID: 4405001544366964}
  m_Layer: 16
  m_Name: Bip01 L Thigh
  m_TagString: Untagged
  m_Icon: {fileID: 0}
  m_NavMeshLayer: 0
  m_StaticEditorFlags: 0
  m_IsActive: 1
--- !u!4 &4405001544366964
Transform:
  m_ObjectHideFlags: 1
  m_PrefabParentObject: {fileID: 0}
  m_PrefabInternal: {fileID: 100100000}
  m_GameObject: {fileID: 1533318978552385}
  m_LocalRotation: {x: -0.097167, y: 0.995064, z: -0.006732617, w: 0.0190002}
  m_LocalPosition: {x: 2.384186E-07, y: 2.868474E-07, z: 0.187397}
  m_LocalScale: {x: 1, y: 0.9999999, z: 1}
  m_Children:
  - {fileID: 4013423449989858}
  m_Father: {fileID: 4758941262191662}
  m_RootOrder: 0
  m_LocalEulerAnglesHint: {x: -179.0201, y: -2.092015, z: 168.8277}
--- !u!1 &1067100267017300
GameObject:
  m_ObjectHideFlags: 1
  m_PrefabParentObject: {fileID: 0}
  m_PrefabInternal: {fileID: 100100000}
  serializedVersion: 5
  m_Component:
  - component: {fileID: 4013423449989858}
  m_Layer: 16
  m_Name: Bip01 L Calf
  m_TagString: Untagged
  m_Icon: {fileID: 0}
  m_NavMeshLayer: 0
  m_StaticEditorFlags: 0
  m_IsActive: 1
--- !u!4 &4013423449989858
Transform:
  m_ObjectHideFlags: 1
  m_PrefabParentObject: {fileID: 0}
  m_PrefabInternal: {fileID: 100100000}
  m_GameObject: {fileID: 1067100267017300}
  m_LocalRotation: {x: 1.50175E-11, y: -1.870087E-09, z: 0.09747834, w: 0.9952376}
  m_LocalPosition: {x: -0.2910721, y: 0, z: 0}
  m_LocalScale: {x: 1, y: 1, z: 1}
  m_Children:
  - {fileID: 4357901779704500}
  m_Father: {fileID: 4405001544366964}
  m_RootOrder: 0
  m_LocalEulerAnglesHint: {x: -1.917655E-08, y: 2.134434E-07, z: -11.18796}
--- !u!1 &1821818960045622
GameObject:
  m_ObjectHideFlags: 1
  m_PrefabParentObject: {fileID: 0}
  m_PrefabInternal: {fileID: 100100000}
  serializedVersion: 5
  m_Component:
  - component: {fileID: 4357901779704500}
  m_Layer: 16
  m_Name: Bip01 L Foot
  m_TagString: Untagged
  m_Icon: {fileID: 0}
  m_NavMeshLayer: 0
  m_StaticEditorFlags: 0
  m_IsActive: 1
--- !u!4 &4357901779704500
Transform:
  m_ObjectHideFlags: 1
  m_PrefabParentObject: {fileID: 0}
  m_PrefabInternal: {fileID: 100100000}
  m_GameObject: {fileID: 1821818960045622}
  m_LocalRotation: {x: -0.004847753, y: 0.01956669, z: -0.0002929068, w: 0.9997967}
  m_LocalPosition: {x: -0.272547, y: 7.450581E-09, z: 1.490116E-08}
  m_LocalScale: {x: 1, y: 1, z: 1}
  m_Children:
  - {fileID: 4057310590858046}
  m_Father: {fileID: 4013423449989858}
  m_RootOrder: 0
  m_LocalEulerAnglesHint: {x: -0.5564902, y: -2.242131, z: 0.04446139}
--- !u!1 &1134989323476527
GameObject:
  m_ObjectHideFlags: 1
  m_PrefabParentObject: {fileID: 0}
  m_PrefabInternal: {fileID: 100100000}
  serializedVersion: 5
  m_Component:
  - component: {fileID: 4057310590858046}
  m_Layer: 16
  m_Name: Bip01 L Toe0
  m_TagString: Untagged
  m_Icon: {fileID: 0}
  m_NavMeshLayer: 0
  m_StaticEditorFlags: 0
  m_IsActive: 1
--- !u!4 &4057310590858046
Transform:
  m_ObjectHideFlags: 1
  m_PrefabParentObject: {fileID: 0}
  m_PrefabInternal: {fileID: 100100000}
  m_GameObject: {fileID: 1134989323476527}
  m_LocalRotation: {x: 9.260879E-22, y: 9.260879E-22, z: -0.7071068, w: 0.7071068}
  m_LocalPosition: {x: -0.00498882, y: 0.1468292, z: 0}
  m_LocalScale: {x: 1, y: 1, z: 1}
  m_Children:
  - {fileID: 4843057203697467}
  m_Father: {fileID: 4357901779704500}
  m_RootOrder: 0
  m_LocalEulerAnglesHint: {x: 0, y: -1.50079E-19, z: 90}
--- !u!1 &1972468364758408
GameObject:
  m_ObjectHideFlags: 1
  m_PrefabParentObject: {fileID: 0}
  m_PrefabInternal: {fileID: 100100000}
  serializedVersion: 5
  m_Component:
  - component: {fileID: 4843057203697467}
  m_Layer: 16
  m_Name: Bip01 L Toe0Nub
  m_TagString: Untagged
  m_Icon: {fileID: 0}
  m_NavMeshLayer: 0
  m_StaticEditorFlags: 0
  m_IsActive: 1
--- !u!4 &4843057203697467
Transform:
  m_ObjectHideFlags: 1
  m_PrefabParentObject: {fileID: 0}
  m_PrefabInternal: {fileID: 100100000}
  m_GameObject: {fileID: 1972468364758408}
  m_LocalRotation: {x: 1.309686E-21, y: -8.019513E-38, z: 1, w: 6.123234E-17}
  m_LocalPosition: {x: -0.000304997, y: 0, z: 0}
  m_LocalScale: {x: -1, y: -1, z: -1}
  m_Children: []
  m_Father: {fileID: 4057310590858046}
  m_RootOrder: 0
  m_LocalEulerAnglesHint: {x: 2.592402E-43, y: 1.500789E-19, z: -180}
--- !u!1 &1607994849594996
GameObject:
  m_ObjectHideFlags: 1
  m_PrefabParentObject: {fileID: 0}
  m_PrefabInternal: {fileID: 100100000}
  serializedVersion: 5
  m_Component:
  - component: {fileID: 4830742226932687}
  m_Layer: 16
  m_Name: Bip01 R Thigh
  m_TagString: Untagged
  m_Icon: {fileID: 0}
  m_NavMeshLayer: 0
  m_StaticEditorFlags: 0
  m_IsActive: 1
--- !u!4 &4830742226932687
Transform:
  m_ObjectHideFlags: 1
  m_PrefabParentObject: {fileID: 0}
  m_PrefabInternal: {fileID: 100100000}
  m_GameObject: {fileID: 1607994849594996}
  m_LocalRotation: {x: -0.09716696, y: 0.995064, z: 0.006731382, w: -0.0190018}
  m_LocalPosition: {x: -2.384186E-07, y: -2.346933E-07, z: -0.187397}
  m_LocalScale: {x: 1, y: 0.9999999, z: 1}
  m_Children:
  - {fileID: 4460518847001408}
  m_Father: {fileID: 4758941262191662}
  m_RootOrder: 1
  m_LocalEulerAnglesHint: {x: 179.0202, y: 2.092212, z: 168.8277}
--- !u!1 &1289618950520470
GameObject:
  m_ObjectHideFlags: 1
  m_PrefabParentObject: {fileID: 0}
  m_PrefabInternal: {fileID: 100100000}
  serializedVersion: 5
  m_Component:
  - component: {fileID: 4460518847001408}
  m_Layer: 16
  m_Name: Bip01 R Calf
  m_TagString: Untagged
  m_Icon: {fileID: 0}
  m_NavMeshLayer: 0
  m_StaticEditorFlags: 0
  m_IsActive: 1
--- !u!4 &4460518847001408
Transform:
  m_ObjectHideFlags: 1
  m_PrefabParentObject: {fileID: 0}
  m_PrefabInternal: {fileID: 100100000}
  m_GameObject: {fileID: 1289618950520470}
  m_LocalRotation: {x: 7.11088E-10, y: -1.801911E-09, z: 0.09747832, w: 0.9952376}
  m_LocalPosition: {x: -0.291072, y: 0, z: 2.980232E-08}
  m_LocalScale: {x: 1, y: 1, z: 1}
  m_Children:
  - {fileID: 4342657869289355}
  m_Father: {fileID: 4830742226932687}
  m_RootOrder: 0
  m_LocalEulerAnglesHint: {x: 6.096894E-08, y: 2.134434E-07, z: -11.18796}
--- !u!1 &1024588943292011
GameObject:
  m_ObjectHideFlags: 1
  m_PrefabParentObject: {fileID: 0}
  m_PrefabInternal: {fileID: 100100000}
  serializedVersion: 5
  m_Component:
  - component: {fileID: 4342657869289355}
  m_Layer: 16
  m_Name: Bip01 R Foot
  m_TagString: Untagged
  m_Icon: {fileID: 0}
  m_NavMeshLayer: 0
  m_StaticEditorFlags: 0
  m_IsActive: 1
--- !u!4 &4342657869289355
Transform:
  m_ObjectHideFlags: 1
  m_PrefabParentObject: {fileID: 0}
  m_PrefabInternal: {fileID: 100100000}
  m_GameObject: {fileID: 1024588943292011}
  m_LocalRotation: {x: 0.004847753, y: -0.01956678, z: -0.0002929071, w: 0.9997967}
  m_LocalPosition: {x: -0.2725469, y: 0, z: -2.980232E-08}
  m_LocalScale: {x: 0.9999999, y: 0.9999999, z: 0.9999999}
  m_Children:
  - {fileID: 4759416239619386}
  m_Father: {fileID: 4460518847001408}
  m_RootOrder: 0
  m_LocalEulerAnglesHint: {x: 0.5564902, y: 2.242141, z: 0.04446148}
--- !u!1 &1477420603737763
GameObject:
  m_ObjectHideFlags: 1
  m_PrefabParentObject: {fileID: 0}
  m_PrefabInternal: {fileID: 100100000}
  serializedVersion: 5
  m_Component:
  - component: {fileID: 4759416239619386}
  m_Layer: 16
  m_Name: Bip01 R Toe0
  m_TagString: Untagged
  m_Icon: {fileID: 0}
  m_NavMeshLayer: 0
  m_StaticEditorFlags: 0
  m_IsActive: 1
--- !u!4 &4759416239619386
Transform:
  m_ObjectHideFlags: 1
  m_PrefabParentObject: {fileID: 0}
  m_PrefabInternal: {fileID: 100100000}
  m_GameObject: {fileID: 1477420603737763}
  m_LocalRotation: {x: 9.260879E-22, y: 9.260879E-22, z: -0.7071068, w: 0.7071068}
  m_LocalPosition: {x: -0.00498882, y: 0.1468292, z: 0}
  m_LocalScale: {x: 1, y: 1, z: 1}
  m_Children:
  - {fileID: 4943384325331796}
  m_Father: {fileID: 4342657869289355}
  m_RootOrder: 0
  m_LocalEulerAnglesHint: {x: 0, y: -1.50079E-19, z: 90}
--- !u!1 &1151354759983876
GameObject:
  m_ObjectHideFlags: 1
  m_PrefabParentObject: {fileID: 0}
  m_PrefabInternal: {fileID: 100100000}
  serializedVersion: 5
  m_Component:
  - component: {fileID: 4943384325331796}
  m_Layer: 16
  m_Name: Bip01 R Toe0Nub
  m_TagString: Untagged
  m_Icon: {fileID: 0}
  m_NavMeshLayer: 0
  m_StaticEditorFlags: 0
  m_IsActive: 1
--- !u!4 &4943384325331796
Transform:
  m_ObjectHideFlags: 1
  m_PrefabParentObject: {fileID: 0}
  m_PrefabInternal: {fileID: 100100000}
  m_GameObject: {fileID: 1151354759983876}
  m_LocalRotation: {x: 0, y: 1.309686E-21, z: 0, w: 1}
  m_LocalPosition: {x: -0.000304997, y: 0, z: 0}
  m_LocalScale: {x: 1, y: 1, z: 1}
  m_Children: []
  m_Father: {fileID: 4759416239619386}
  m_RootOrder: 0
  m_LocalEulerAnglesHint: {x: 0, y: -1.500789E-19, z: 0}
--- !u!1 &1085562240530634
GameObject:
  m_ObjectHideFlags: 1
  m_PrefabParentObject: {fileID: 0}
  m_PrefabInternal: {fileID: 100100000}
  serializedVersion: 5
  m_Component:
  - component: {fileID: 4198334054286003}
  m_Layer: 16
  m_Name: UpBodyRotate
  m_TagString: Untagged
  m_Icon: {fileID: 0}
  m_NavMeshLayer: 0
  m_StaticEditorFlags: 0
  m_IsActive: 1
--- !u!4 &4198334054286003
Transform:
  m_ObjectHideFlags: 1
  m_PrefabParentObject: {fileID: 0}
  m_PrefabInternal: {fileID: 100100000}
  m_GameObject: {fileID: 1085562240530634}
  m_LocalRotation: {x: 0.5000095, y: -0.4999905, z: -0.5000095, w: -0.4999905}
  m_LocalPosition: {x: -0.02055483, y: 0, z: 0.08021915}
  m_LocalScale: {x: 1, y: 1, z: 1}
  m_Children:
  - {fileID: 4129350682928292}
  - {fileID: 4751180327316476}
  m_Father: {fileID: 4951810407919759}
  m_RootOrder: 2
  m_LocalEulerAnglesHint: {x: -90.00218, y: -90, z: 0}
--- !u!1 &1948619910667330
GameObject:
  m_ObjectHideFlags: 1
  m_PrefabParentObject: {fileID: 0}
  m_PrefabInternal: {fileID: 100100000}
  serializedVersion: 5
  m_Component:
  - component: {fileID: 4129350682928292}
  m_Layer: 16
  m_Name: Bip01 Prop1
  m_TagString: Untagged
  m_Icon: {fileID: 0}
  m_NavMeshLayer: 0
  m_StaticEditorFlags: 0
  m_IsActive: 1
--- !u!4 &4129350682928292
Transform:
  m_ObjectHideFlags: 1
  m_PrefabParentObject: {fileID: 0}
  m_PrefabInternal: {fileID: 100100000}
  m_GameObject: {fileID: 1948619910667330}
  m_LocalRotation: {x: -1.46062E-11, y: 0.7070934, z: 0.7071201, w: -0.0003980776}
  m_LocalPosition: {x: 0.6426261, y: -0.07636906, z: -0.0003645416}
  m_LocalScale: {x: 0.9999999, y: 0.9999999, z: 0.9999999}
  m_Children: []
  m_Father: {fileID: 4198334054286003}
  m_RootOrder: 0
  m_LocalEulerAnglesHint: {x: 89.99783, y: 0.03225501, z: 179.9677}
--- !u!1 &1840306744604764
GameObject:
  m_ObjectHideFlags: 1
  m_PrefabParentObject: {fileID: 0}
  m_PrefabInternal: {fileID: 100100000}
  serializedVersion: 5
  m_Component:
  - component: {fileID: 4751180327316476}
  m_Layer: 16
  m_Name: Bip01 Spine
  m_TagString: Untagged
  m_Icon: {fileID: 0}
  m_NavMeshLayer: 0
  m_StaticEditorFlags: 0
  m_IsActive: 1
--- !u!4 &4751180327316476
Transform:
  m_ObjectHideFlags: 1
  m_PrefabParentObject: {fileID: 0}
  m_PrefabInternal: {fileID: 100100000}
  m_GameObject: {fileID: 1840306744604764}
  m_LocalRotation: {x: 1.741542E-05, y: 0.0002814911, z: -0.0001166752, w: 0.9999999}
  m_LocalPosition: {x: 5.960464E-08, y: 0, z: -2.910383E-11}
  m_LocalScale: {x: 1, y: 0.9999999, z: 0.9999999}
  m_Children:
  - {fileID: 4690523656365998}
  m_Father: {fileID: 4198334054286003}
  m_RootOrder: 1
  m_LocalEulerAnglesHint: {x: 0.001991897, y: -0.03225673, z: 0.01336944}
--- !u!1 &1660356298104954
GameObject:
  m_ObjectHideFlags: 1
  m_PrefabParentObject: {fileID: 0}
  m_PrefabInternal: {fileID: 100100000}
  serializedVersion: 5
  m_Component:
  - component: {fileID: 4690523656365998}
  m_Layer: 16
  m_Name: Bip01 Spine1
  m_TagString: Untagged
  m_Icon: {fileID: 0}
  m_NavMeshLayer: 0
  m_StaticEditorFlags: 0
  m_IsActive: 1
--- !u!4 &4690523656365998
Transform:
  m_ObjectHideFlags: 1
  m_PrefabParentObject: {fileID: 0}
  m_PrefabInternal: {fileID: 100100000}
  m_GameObject: {fileID: 1660356298104954}
  m_LocalRotation: {x: -8.623396E-14, y: -6.924408E-08, z: 0.02496541, w: 0.9996883}
  m_LocalPosition: {x: -0.2124767, y: -0.0002046973, z: -5.677236E-10}
  m_LocalScale: {x: 1, y: 1, z: 1}
  m_Children:
  - {fileID: 4756106793974669}
  m_Father: {fileID: 4751180327316476}
  m_RootOrder: 0
  m_LocalEulerAnglesHint: {x: -1.981051E-07, y: 7.932314E-06, z: -2.861123}
--- !u!1 &1597038485886099
GameObject:
  m_ObjectHideFlags: 1
  m_PrefabParentObject: {fileID: 0}
  m_PrefabInternal: {fileID: 100100000}
  serializedVersion: 5
  m_Component:
  - component: {fileID: 4756106793974669}
  m_Layer: 16
  m_Name: Bip01 Neck
  m_TagString: Untagged
  m_Icon: {fileID: 0}
  m_NavMeshLayer: 0
  m_StaticEditorFlags: 0
  m_IsActive: 1
--- !u!4 &4756106793974669
Transform:
  m_ObjectHideFlags: 1
  m_PrefabParentObject: {fileID: 0}
  m_PrefabInternal: {fileID: 100100000}
  m_GameObject: {fileID: 1597038485886099}
  m_LocalRotation: {x: -4.616223E-14, y: 6.534692E-08, z: -0.02356032, w: 0.9997224}
  m_LocalPosition: {x: -0.3098223, y: -0.006680138, z: -1.852803E-08}
  m_LocalScale: {x: 1, y: 1, z: 1}
  m_Children:
  - {fileID: 4886743749566065}
  - {fileID: 4094709191194949}
  - {fileID: 4386990434420647}
  m_Father: {fileID: 4690523656365998}
  m_RootOrder: 0
  m_LocalEulerAnglesHint: {x: -1.764298E-07, y: -7.486126E-06, z: 2.700063}
--- !u!1 &1488113462346251
GameObject:
  m_ObjectHideFlags: 1
  m_PrefabParentObject: {fileID: 0}
  m_PrefabInternal: {fileID: 100100000}
  serializedVersion: 5
  m_Component:
  - component: {fileID: 4886743749566065}
  m_Layer: 16
  m_Name: Bip01 Head
  m_TagString: Untagged
  m_Icon: {fileID: 0}
  m_NavMeshLayer: 0
  m_StaticEditorFlags: 0
  m_IsActive: 1
--- !u!4 &4886743749566065
Transform:
  m_ObjectHideFlags: 1
  m_PrefabParentObject: {fileID: 0}
  m_PrefabInternal: {fileID: 100100000}
  m_GameObject: {fileID: 1488113462346251}
  m_LocalRotation: {x: 8.797683E-14, y: 2.794049E-09, z: -0.001006678, w: 0.9999995}
  m_LocalPosition: {x: -0.06585693, y: -3.72529E-09, z: 0}
  m_LocalScale: {x: 1, y: 1, z: 1}
  m_Children:
  - {fileID: 4060083940479585}
  m_Father: {fileID: 4756106793974669}
  m_RootOrder: 0
  m_LocalEulerAnglesHint: {x: -3.122312E-10, y: -3.201742E-07, z: 0.1153569}
--- !u!1 &1707748262548889
GameObject:
  m_ObjectHideFlags: 1
  m_PrefabParentObject: {fileID: 0}
  m_PrefabInternal: {fileID: 100100000}
  serializedVersion: 5
  m_Component:
  - component: {fileID: 4060083940479585}
  m_Layer: 16
  m_Name: Bip01 HeadNub
  m_TagString: Untagged
  m_Icon: {fileID: 0}
  m_NavMeshLayer: 0
  m_StaticEditorFlags: 0
  m_IsActive: 1
--- !u!4 &4060083940479585
Transform:
  m_ObjectHideFlags: 1
  m_PrefabParentObject: {fileID: 0}
  m_PrefabInternal: {fileID: 100100000}
  m_GameObject: {fileID: 1707748262548889}
  m_LocalRotation: {x: -4.11748E-20, y: 0, z: 0, w: 1}
  m_LocalPosition: {x: -0.72391, y: 0, z: 0}
  m_LocalScale: {x: 1, y: 1, z: 1}
  m_Children: []
  m_Father: {fileID: 4886743749566065}
  m_RootOrder: 0
  m_LocalEulerAnglesHint: {x: -4.718284E-18, y: 0, z: 0}
--- !u!1 &1220253480799208
GameObject:
  m_ObjectHideFlags: 1
  m_PrefabParentObject: {fileID: 0}
  m_PrefabInternal: {fileID: 100100000}
  serializedVersion: 5
  m_Component:
  - component: {fileID: 4094709191194949}
  m_Layer: 16
  m_Name: Bip01 L Clavicle
  m_TagString: Untagged
  m_Icon: {fileID: 0}
  m_NavMeshLayer: 0
  m_StaticEditorFlags: 0
  m_IsActive: 1
--- !u!4 &4094709191194949
Transform:
  m_ObjectHideFlags: 1
  m_PrefabParentObject: {fileID: 0}
  m_PrefabInternal: {fileID: 100100000}
  m_GameObject: {fileID: 1220253480799208}
  m_LocalRotation: {x: -0.606297, y: -0.05176467, z: 0.7934949, w: 0.009500504}
  m_LocalPosition: {x: 0.07568407, y: -0.03103494, z: 0.06511591}
  m_LocalScale: {x: 1, y: 1, z: 1}
  m_Children:
  - {fileID: 4674002830380272}
  m_Father: {fileID: 4756106793974669}
  m_RootOrder: 1
  m_LocalEulerAnglesHint: {x: -19.85139, y: -73.98792, z: -163.6074}
--- !u!1 &1146224001644326
GameObject:
  m_ObjectHideFlags: 1
  m_PrefabParentObject: {fileID: 0}
  m_PrefabInternal: {fileID: 100100000}
  serializedVersion: 5
  m_Component:
  - component: {fileID: 4674002830380272}
  m_Layer: 16
  m_Name: Bip01 L UpperArm
  m_TagString: Untagged
  m_Icon: {fileID: 0}
  m_NavMeshLayer: 0
  m_StaticEditorFlags: 0
  m_IsActive: 1
--- !u!4 &4674002830380272
Transform:
  m_ObjectHideFlags: 1
  m_PrefabParentObject: {fileID: 0}
  m_PrefabInternal: {fileID: 100100000}
  m_GameObject: {fileID: 1146224001644326}
  m_LocalRotation: {x: 0.08963522, y: -0.1318363, z: 0.04359984, w: 0.9862474}
  m_LocalPosition: {x: -0.248271, y: -7.450581E-09, z: 1.192093E-07}
  m_LocalScale: {x: 1, y: 1, z: 1}
  m_Children:
  - {fileID: 4646356012955684}
  m_Father: {fileID: 4094709191194949}
  m_RootOrder: 0
  m_LocalEulerAnglesHint: {x: 9.87963, y: 15.53712, z: -3.711441}
--- !u!1 &1268413950385841
GameObject:
  m_ObjectHideFlags: 1
  m_PrefabParentObject: {fileID: 0}
  m_PrefabInternal: {fileID: 100100000}
  serializedVersion: 5
  m_Component:
  - component: {fileID: 4646356012955684}
  m_Layer: 16
  m_Name: Bip01 L Forearm
  m_TagString: Untagged
  m_Icon: {fileID: 0}
  m_NavMeshLayer: 0
  m_StaticEditorFlags: 0
  m_IsActive: 1
--- !u!4 &4646356012955684
Transform:
  m_ObjectHideFlags: 1
  m_PrefabParentObject: {fileID: 0}
  m_PrefabInternal: {fileID: 100100000}
  m_GameObject: {fileID: 1268413950385841}
  m_LocalRotation: {x: 4.08144E-09, y: 3.004572E-08, z: 0.05031214, w: 0.9987336}
  m_LocalPosition: {x: -0.3248459, y: 0, z: -1.192093E-07}
  m_LocalScale: {x: 1, y: 1, z: 0.9999999}
  m_Children:
  - {fileID: 4926606412372205}
  m_Father: {fileID: 4674002830380272}
  m_RootOrder: 0
  m_LocalEulerAnglesHint: {x: 6.403302E-07, y: -3.415095E-06, z: -5.767782}
--- !u!1 &1999031925131167
GameObject:
  m_ObjectHideFlags: 1
  m_PrefabParentObject: {fileID: 0}
  m_PrefabInternal: {fileID: 100100000}
  serializedVersion: 5
  m_Component:
  - component: {fileID: 4926606412372205}
  m_Layer: 16
  m_Name: Bip01 L Hand
  m_TagString: Untagged
  m_Icon: {fileID: 0}
  m_NavMeshLayer: 0
  m_StaticEditorFlags: 0
  m_IsActive: 1
--- !u!4 &4926606412372205
Transform:
  m_ObjectHideFlags: 1
  m_PrefabParentObject: {fileID: 0}
  m_PrefabInternal: {fileID: 100100000}
  m_GameObject: {fileID: 1999031925131167}
  m_LocalRotation: {x: -0.7068252, y: -2.042353E-08, z: -2.172384E-08, w: 0.7073883}
  m_LocalPosition: {x: -0.209737, y: 0, z: 0}
  m_LocalScale: {x: 1, y: 0.9999999, z: 1}
  m_Children: []
  m_Father: {fileID: 4646356012955684}
  m_RootOrder: 0
  m_LocalEulerAnglesHint: {x: -89.95438, y: 3.415095E-06, z: 1.067217E-07}
--- !u!1 &1820419535529950
GameObject:
  m_ObjectHideFlags: 1
  m_PrefabParentObject: {fileID: 0}
  m_PrefabInternal: {fileID: 100100000}
  serializedVersion: 5
  m_Component:
  - component: {fileID: 4386990434420647}
  m_Layer: 16
  m_Name: Bip01 R Clavicle
  m_TagString: Untagged
  m_Icon: {fileID: 0}
  m_NavMeshLayer: 0
  m_StaticEditorFlags: 0
  m_IsActive: 1
--- !u!4 &4386990434420647
Transform:
  m_ObjectHideFlags: 1
  m_PrefabParentObject: {fileID: 0}
  m_PrefabInternal: {fileID: 100100000}
  m_GameObject: {fileID: 1820419535529950}
  m_LocalRotation: {x: 0.6062971, y: 0.0517625, z: 0.793495, w: 0.009498798}
  m_LocalPosition: {x: 0.07568407, y: -0.03103457, z: -0.06511609}
  m_LocalScale: {x: 1, y: 1, z: 1}
  m_Children:
  - {fileID: 4253694702701755}
  m_Father: {fileID: 4756106793974669}
  m_RootOrder: 2
  m_LocalEulerAnglesHint: {x: 19.8503, y: 73.98801, z: -163.6085}
--- !u!1 &1675866002623577
GameObject:
  m_ObjectHideFlags: 1
  m_PrefabParentObject: {fileID: 0}
  m_PrefabInternal: {fileID: 100100000}
  serializedVersion: 5
  m_Component:
  - component: {fileID: 4253694702701755}
  m_Layer: 16
  m_Name: Bip01 R UpperArm
  m_TagString: Untagged
  m_Icon: {fileID: 0}
  m_NavMeshLayer: 0
  m_StaticEditorFlags: 0
  m_IsActive: 1
--- !u!4 &4253694702701755
Transform:
  m_ObjectHideFlags: 1
  m_PrefabParentObject: {fileID: 0}
  m_PrefabInternal: {fileID: 100100000}
  m_GameObject: {fileID: 1675866002623577}
  m_LocalRotation: {x: -0.08963521, y: 0.1318363, z: 0.04359985, w: 0.9862474}
  m_LocalPosition: {x: -0.248271, y: 0, z: -1.192093E-07}
  m_LocalScale: {x: 1, y: 1, z: 1}
  m_Children:
  - {fileID: 4911506098727923}
  m_Father: {fileID: 4386990434420647}
  m_RootOrder: 0
  m_LocalEulerAnglesHint: {x: -9.879629, y: -15.53711, z: -3.711442}
--- !u!1 &1667905023392947
GameObject:
  m_ObjectHideFlags: 1
  m_PrefabParentObject: {fileID: 0}
  m_PrefabInternal: {fileID: 100100000}
  serializedVersion: 5
  m_Component:
  - component: {fileID: 4911506098727923}
  m_Layer: 16
  m_Name: Bip01 R Forearm
  m_TagString: Untagged
  m_Icon: {fileID: 0}
  m_NavMeshLayer: 0
  m_StaticEditorFlags: 0
  m_IsActive: 1
--- !u!4 &4911506098727923
Transform:
  m_ObjectHideFlags: 1
  m_PrefabParentObject: {fileID: 0}
  m_PrefabInternal: {fileID: 100100000}
  m_GameObject: {fileID: 1667905023392947}
  m_LocalRotation: {x: -4.261874E-09, y: -4.497487E-08, z: 0.05031214, w: 0.9987336}
  m_LocalPosition: {x: -0.3248459, y: 0, z: 0}
  m_LocalScale: {x: 1, y: 1, z: 1}
  m_Children:
  - {fileID: 4659796183297992}
  m_Father: {fileID: 4253694702701755}
  m_RootOrder: 0
  m_LocalEulerAnglesHint: {x: -7.470519E-07, y: 5.122642E-06, z: -5.767781}
--- !u!1 &1303438141106320
GameObject:
  m_ObjectHideFlags: 1
  m_PrefabParentObject: {fileID: 0}
  m_PrefabInternal: {fileID: 100100000}
  serializedVersion: 5
  m_Component:
  - component: {fileID: 4659796183297992}
  m_Layer: 16
  m_Name: Bip01 R Hand
  m_TagString: Untagged
  m_Icon: {fileID: 0}
  m_NavMeshLayer: 0
  m_StaticEditorFlags: 0
  m_IsActive: 1
--- !u!4 &4659796183297992
Transform:
  m_ObjectHideFlags: 1
  m_PrefabParentObject: {fileID: 0}
  m_PrefabInternal: {fileID: 100100000}
  m_GameObject: {fileID: 1303438141106320}
  m_LocalRotation: {x: 0.7068253, y: 1.251575E-08, z: -8.556097E-09, w: 0.7073883}
  m_LocalPosition: {x: -0.2097369, y: -1.490116E-08, z: 0}
  m_LocalScale: {x: 1, y: 1, z: 1}
  m_Children: []
  m_Father: {fileID: 4911506098727923}
  m_RootOrder: 0
  m_LocalEulerAnglesHint: {x: 89.95438, y: -1.707547E-06, z: -3.201651E-07}
--- !u!1 &1802230613822496
GameObject:
  m_ObjectHideFlags: 0
  m_PrefabParentObject: {fileID: 0}
  m_PrefabInternal: {fileID: 100100000}
  serializedVersion: 5
  m_Component:
  - component: {fileID: 4932050610520152}
  m_Layer: 16
  m_Name: Dummy01
  m_TagString: Untagged
  m_Icon: {fileID: 0}
  m_NavMeshLayer: 0
  m_StaticEditorFlags: 0
  m_IsActive: 1
--- !u!4 &4932050610520152
Transform:
  m_ObjectHideFlags: 1
  m_PrefabParentObject: {fileID: 0}
  m_PrefabInternal: {fileID: 100100000}
  m_GameObject: {fileID: 1802230613822496}
  m_LocalRotation: {x: -0.7071068, y: 0, z: 0, w: 0.7071068}
  m_LocalPosition: {x: 0, y: 0, z: 0}
  m_LocalScale: {x: 1, y: 1, z: 1}
  m_Children: []
  m_Father: {fileID: 4445213736477670}
  m_RootOrder: 1
  m_LocalEulerAnglesHint: {x: -90, y: 0, z: 0}
--- !u!1 &1484182936470683
GameObject:
  m_ObjectHideFlags: 0
  m_PrefabParentObject: {fileID: 0}
  m_PrefabInternal: {fileID: 100100000}
  serializedVersion: 5
  m_Component:
  - component: {fileID: 4270022742996555}
  m_Layer: 16
  m_Name: Electricity
  m_TagString: Untagged
  m_Icon: {fileID: 0}
  m_NavMeshLayer: 0
  m_StaticEditorFlags: 0
  m_IsActive: 1
--- !u!4 &4270022742996555
Transform:
  m_ObjectHideFlags: 1
  m_PrefabParentObject: {fileID: 0}
  m_PrefabInternal: {fileID: 100100000}
  m_GameObject: {fileID: 1484182936470683}
  m_LocalRotation: {x: 0, y: 0, z: 0, w: 1}
  m_LocalPosition: {x: 0, y: 1, z: 0}
  m_LocalScale: {x: 1, y: 1, z: 1}
  m_Children: []
  m_Father: {fileID: 4445213736477670}
  m_RootOrder: 2
  m_LocalEulerAnglesHint: {x: 0, y: 0, z: 0}
