%YAML 1.1
%TAG !u! tag:unity3d.com,2011:
--- !u!1001 &100100000
Prefab:
  m_ObjectHideFlags: 1
  serializedVersion: 2
  m_Modification:
    m_TransformParent: {fileID: 0}
    m_Modifications: []
    m_RemovedComponents: []
  m_ParentPrefab: {fileID: 0}
  m_RootGameObject: {fileID: 1863707756561579}
  m_IsPrefabParent: 1
--- !u!1 &1863707756561579
GameObject:
  m_ObjectHideFlags: 0
  m_PrefabParentObject: {fileID: 0}
  m_PrefabInternal: {fileID: 100100000}
  serializedVersion: 5
  m_Component:
  - component: {fileID: 4907048666540131}
  - component: {fileID: 111008907875246680}
  - component: {fileID: 143212764202648827}
  - component: {fileID: 114528870047667013}
  - component: {fileID: 114393287600030787}
  - component: {fileID: 114660553559853973}
  - component: {fileID: 114356673905136008}
  m_Layer: 11
  m_Name: Player_Network
  m_TagString: Untagged
  m_Icon: {fileID: 0}
  m_NavMeshLayer: 0
  m_StaticEditorFlags: 0
  m_IsActive: 1
--- !u!4 &4907048666540131
Transform:
  m_ObjectHideFlags: 1
  m_PrefabParentObject: {fileID: 0}
  m_PrefabInternal: {fileID: 100100000}
  m_GameObject: {fileID: 1863707756561579}
  m_LocalRotation: {x: 0, y: 0, z: 0, w: 1}
  m_LocalPosition: {x: 0, y: 0, z: 0}
  m_LocalScale: {x: 1, y: 1, z: 1}
  m_Children:
  - {fileID: 4752393040903455}
  - {fileID: 4552361733523124}
  - {fileID: 4930542481225796}
  - {fileID: 4205516568830356}
  m_Father: {fileID: 0}
  m_RootOrder: 0
  m_LocalEulerAnglesHint: {x: 0, y: 0, z: 0}
--- !u!111 &111008907875246680
Animation:
  m_ObjectHideFlags: 1
  m_PrefabParentObject: {fileID: 0}
  m_PrefabInternal: {fileID: 100100000}
  m_GameObject: {fileID: 1863707756561579}
  m_Enabled: 1
  serializedVersion: 3
  m_Animation: {fileID: 7400000, guid: fa693e87e9caacac4a9263bea5f7daea, type: 2}
  m_Animations:
  - {fileID: 7400000, guid: 40db771d62d11e924aa22d3043f0aa6a, type: 2}
  - {fileID: 7400000, guid: e7bbc2f6eb03379a4773250f2e92b881, type: 2}
  - {fileID: 7400000, guid: b1230a74054afaa2475c7bb20a1a581e, type: 2}
  - {fileID: 7400000, guid: 152efa5c322bbeab468912c5fa52ce27, type: 2}
  - {fileID: 7400000, guid: 1f49cf462806eeb1422f4b47b0c0198e, type: 2}
  - {fileID: 7400000, guid: 28cd0794be56cbb24ae50453172d1a33, type: 2}
  - {fileID: 7400000, guid: a08e6af0b4b1608a4256954147631d0f, type: 2}
  - {fileID: 7400000, guid: 452c19b0d853fa814e0f7b713772daf2, type: 2}
  - {fileID: 7400000, guid: 6453fc0dd7c8a0a5472aa003e2949e8d, type: 2}
  - {fileID: 7400000, guid: 3756431620a27fb04991054dc1e35bbc, type: 2}
  - {fileID: 7400000, guid: 7dfdb03936693aaf4711139ae78d3731, type: 2}
  - {fileID: 7400000, guid: e51428d799c7689b4f8a4aa48fa55290, type: 2}
  - {fileID: 7400000, guid: db5c079ce83167994907c08a1ccb0a77, type: 2}
  - {fileID: 7400000, guid: 5f5d1afb40fffcab4ad10c215c147021, type: 2}
  - {fileID: 7400000, guid: 7619495b21643f8140cdb01d4e3b009a, type: 2}
  - {fileID: 7400000, guid: c4a1919a134106a04f51bfdaadb8f2dd, type: 2}
  - {fileID: 7400000, guid: ed52124a85e774b3418f36baf431b1c5, type: 2}
  - {fileID: 7400000, guid: a64feaff08dc63b4431a0da9feb6d040, type: 2}
  - {fileID: 7400000, guid: cb9de8351404569c463baf57b021998a, type: 2}
  - {fileID: 7400000, guid: d0f3ff4e014fd5b143506c706e9b2727, type: 2}
  - {fileID: 7400000, guid: 576f7afb15d844b343fdbf9354e3ee23, type: 2}
  - {fileID: 7400000, guid: 6db0dbe93f86398a4541f3b88709609a, type: 2}
  - {fileID: 7400000, guid: bec499ae683c9bad4e9fea1c45ec920b, type: 2}
  - {fileID: 7400000, guid: 8dc173b8312776ab4df1dc43bef45a7a, type: 2}
  - {fileID: 7400000, guid: f1f2221cad6b1b8b46404136b5e988c3, type: 2}
  - {fileID: 7400000, guid: 952db711f0a6f49444e767f23ab814d6, type: 2}
  - {fileID: 7400000, guid: 41159c7afd361dac4a7693466cf1fd53, type: 2}
  - {fileID: 7400000, guid: f8a64bce7ad94ca74123e0ec3cabd1af, type: 2}
  - {fileID: 7400000, guid: 87d9aa305e8a54bf4c6e04858faaf649, type: 2}
  - {fileID: 7400000, guid: 0861ef88d4ab068c48c11ee140b2418f, type: 2}
  - {fileID: 7400000, guid: dacf63964872ffb946c0afe379b1c364, type: 2}
  - {fileID: 7400000, guid: 20ea42bd1a69429346ce17f4e8cc747c, type: 2}
  - {fileID: 7400000, guid: 32be92b9e3bad1ad444a24af28bf1344, type: 2}
  - {fileID: 7400000, guid: c41533983671c2994374ee54551639a8, type: 2}
  - {fileID: 7400000, guid: cd4e4c8610eddeae46042b13aaee4245, type: 2}
  - {fileID: 7400000, guid: fc3c64a7fcfbb4bb4fda2010b1420053, type: 2}
  - {fileID: 7400000, guid: 6373894309eca39c4fa08989ae9ffe35, type: 2}
  - {fileID: 7400000, guid: 201665bce601c3a74bf10c6c462286ed, type: 2}
  - {fileID: 7400000, guid: 7c92253203c7808f4549afa50ddda446, type: 2}
  - {fileID: 7400000, guid: b6fc2088ea1702b64c2472e4a5dea6c3, type: 2}
  - {fileID: 7400000, guid: 77853fa4a5e02e984496ba0529fb03f6, type: 2}
  - {fileID: 7400000, guid: 70e1138be52d39b04d68051cd6991f51, type: 2}
  - {fileID: 7400000, guid: 4c0a59a5b68ed19b429801ee310e474a, type: 2}
  - {fileID: 7400000, guid: 916857d72f977bb942c4b7ab2ae6429c, type: 2}
  - {fileID: 7400000, guid: ae10f02735e1c6b3461dfc89248328f9, type: 2}
  - {fileID: 7400000, guid: 0adfea71bc2fae974ba624b26cf4d023, type: 2}
  - {fileID: 7400000, guid: 3ca91d187dbd029844f2bca1cd59b580, type: 2}
  - {fileID: 7400000, guid: acc6f7f7b29768954c15390add9fde9f, type: 2}
  - {fileID: 7400000, guid: ce8d69fc13d104b9499eae86880e7097, type: 2}
  - {fileID: 7400000, guid: 4ee6bd904ce8169246acfde50195fe5e, type: 2}
  - {fileID: 7400000, guid: c8766341191b1caa44d62aef53923b21, type: 2}
  - {fileID: 7400000, guid: 18e50042318da39341785a395da71203, type: 2}
  - {fileID: 7400000, guid: 0dee3ec260a2598246d9351f87331192, type: 2}
  - {fileID: 7400000, guid: bfb71aeea0a65eaf4891b2f9b1beb3a7, type: 2}
  - {fileID: 7400000, guid: 54b452448b270aac4f7219c8d481e446, type: 2}
  - {fileID: 7400000, guid: 6bd1760cc0314295415f3e50cf19d6d0, type: 2}
  - {fileID: 7400000, guid: 32764b0b1f5dc49440327c22f8bc0a74, type: 2}
  - {fileID: 7400000, guid: 9ff2060ba0c1c6b648d78d7e12a4ec09, type: 2}
  - {fileID: 7400000, guid: 686bab1d0d66089c4ca53ab58cce60c0, type: 2}
  - {fileID: 7400000, guid: d1fe9d6d2d6acf8b4b5bb97fb014352f, type: 2}
  - {fileID: 7400000, guid: e454f3959b3e0db148d9e3923b362f3e, type: 2}
  - {fileID: 7400000, guid: 3e2a29a937d152ac46424cc5c39f2a0c, type: 2}
  - {fileID: 7400000, guid: 4af61648964d3d8d4bc93b919f303090, type: 2}
  - {fileID: 7400000, guid: 914183226b80518f452b5f7732ef6c5a, type: 2}
  - {fileID: 7400000, guid: 6fc02564e68a6bba4150813c615bb9c7, type: 2}
  - {fileID: 7400000, guid: e5247bedf2555da24a29ec57f53e964f, type: 2}
  - {fileID: 7400000, guid: 4654ccdf97b996b34b7d05422732e586, type: 2}
  - {fileID: 7400000, guid: 21f5e32d7daedcac4db3a93fa3f15bba, type: 2}
  - {fileID: 7400000, guid: 66c4b71854f6268d47c524fc19abb2ce, type: 2}
  - {fileID: 7400000, guid: d7e0008acd34c5b5438420eae39cd31a, type: 2}
  - {fileID: 7400000, guid: b8151b9ecf5a4d9749dc854ebd4dcb6c, type: 2}
  - {fileID: 7400000, guid: d757b589ad2b579d4bb60fd4ebc84397, type: 2}
  - {fileID: 7400000, guid: cc32ffe82db4aa8c479e758f41759d3c, type: 2}
  - {fileID: 7400000, guid: 68cf6b3ec5867cb649c6921381928a72, type: 2}
  - {fileID: 7400000, guid: 6714b044d5b74e8f4a01563b7725ea27, type: 2}
  - {fileID: 7400000, guid: 2005b62a2b337daa486a171f2a167af8, type: 2}
  - {fileID: 7400000, guid: df981e36f193a79d430ab977658886fc, type: 2}
  - {fileID: 7400000, guid: b9a7823dfc5498ab4fbdb48f04f74d2b, type: 2}
  - {fileID: 7400000, guid: 2c769274bcbd00b24c7b67965e1b175a, type: 2}
  - {fileID: 7400000, guid: d26893d2fe1dcdb84e9ebd021941d6bc, type: 2}
  - {fileID: 7400000, guid: c5352017f5d020954a2f824ca895d126, type: 2}
  - {fileID: 7400000, guid: 77ee9687fb26c48c4d135e2f8b0f0f2c, type: 2}
  - {fileID: 7400000, guid: d3bbfc55f3dd6bbf40fa9903e96de04f, type: 2}
  - {fileID: 7400000, guid: ca6a86872cf67d9c4e818b51cd38d0cc, type: 2}
  - {fileID: 7400000, guid: ac00a294245c7289408ec97cf632e455, type: 2}
  - {fileID: 7400000, guid: 6466b9e8d587d8844a68b9167e454f23, type: 2}
  - {fileID: 7400000, guid: 4c46409a7e4030954aa72c341ac75e14, type: 2}
  - {fileID: 7400000, guid: 3a8dbf28dbe622aa44e4a15f7705aa55, type: 2}
  - {fileID: 7400000, guid: ac05f495fd036fbe44f887f82546f1c4, type: 2}
  - {fileID: 7400000, guid: a045d98776a8a99040c6282c784ac7dd, type: 2}
  - {fileID: 7400000, guid: 56cb2c526816c0bb471bf90bcd7412b5, type: 2}
  - {fileID: 7400000, guid: 019ada56e4cf19874ffa6c9e67d8eb15, type: 2}
  - {fileID: 7400000, guid: 0acbaee580c5efbd4045db04ecec1b45, type: 2}
  - {fileID: 7400000, guid: 761dff6e30855abd4d397b8c124f8d44, type: 2}
  - {fileID: 7400000, guid: 9241da70fa241bab4362ec974f2a0833, type: 2}
  - {fileID: 7400000, guid: 7cda96e49db38e9c48de52b9a288f67d, type: 2}
  - {fileID: 7400000, guid: 1c620e8c55bd399e472a6b04719476f6, type: 2}
  - {fileID: 7400000, guid: 04d9db650d4d7dbb4255c1f7e1701df5, type: 2}
  - {fileID: 7400000, guid: 44390b3b768e97814ac982a371f6c4af, type: 2}
  - {fileID: 7400000, guid: debd017dc437c1844bff5b94563f901a, type: 2}
  - {fileID: 7400000, guid: 208bad827f5f6090450e9b799b44da66, type: 2}
  - {fileID: 7400000, guid: 689d290292e0a99f471209018c28fe0f, type: 2}
  - {fileID: 7400000, guid: 405d00ed8b0f7f9f4f9d4ea5459fa171, type: 2}
  - {fileID: 7400000, guid: 4c6788f641a5a08a4d39f405e98c645a, type: 2}
  - {fileID: 7400000, guid: 272587ea34ec78b94909fdb075b6a8ee, type: 2}
  - {fileID: 7400000, guid: 8ae9dba9ac14a4a140c6c737737add57, type: 2}
  - {fileID: 7400000, guid: 3288dd4af79898934598b46fa6dede3c, type: 2}
  - {fileID: 7400000, guid: ab3c399b8c29f39e48f7d325111d168d, type: 2}
  - {fileID: 7400000, guid: 25aa938fd311d9a6461d5d6fd67c5c19, type: 2}
  - {fileID: 7400000, guid: 0953055f68f27db34cfe794e536661db, type: 2}
  - {fileID: 7400000, guid: f7b1e15779619b9d4bf719aa73fc7c6c, type: 2}
  - {fileID: 7400000, guid: dd1125e826d937aa442f65c2c57343ed, type: 2}
  - {fileID: 7400000, guid: 3d2840478c608fb94a0976907bf5bef0, type: 2}
  - {fileID: 7400000, guid: 1de1c7a10cadfc984032691ee5dd5597, type: 2}
  - {fileID: 7400000, guid: 42758bf6b8c6cb904183aa563cc44cac, type: 2}
  - {fileID: 7400000, guid: 6682f230a5ca61944d016f530334344f, type: 2}
  - {fileID: 7400000, guid: 67d646adaf2dedb24b7e2c9f8f52940d, type: 2}
  - {fileID: 7400000, guid: 442847179908c7b14adac751253d1b8c, type: 2}
  - {fileID: 7400000, guid: 88db38b60c404c904198c366ddab22cc, type: 2}
  - {fileID: 7400000, guid: 454c7b42246de2b442be454251bc7d9d, type: 2}
  - {fileID: 7400000, guid: 64cf109bda8f1f9343c289b9021c5b91, type: 2}
  - {fileID: 7400000, guid: 265933b607befb8646470ee2328f5870, type: 2}
  - {fileID: 7400000, guid: 766ed35434ed80b84a496aad5a422fe9, type: 2}
  - {fileID: 7400000, guid: 281db4851d807bae48e927117a2eeec7, type: 2}
  - {fileID: 7400000, guid: 6d20a769e002b285400641220e9af0e9, type: 2}
  - {fileID: 7400000, guid: 1daac70c8188f8964f6c7818697b61ae, type: 2}
  - {fileID: 7400000, guid: f77ae824ddeef4884af4d1b325073ea6, type: 2}
  - {fileID: 7400000, guid: 7f30f30f8994dcbc46e5eb6b3e6ca1a0, type: 2}
  - {fileID: 7400000, guid: 7c0d705211e9a8b04196ff93a4ad0d33, type: 2}
  - {fileID: 7400000, guid: fca358bb73a3389e4c7997dfee069506, type: 2}
  - {fileID: 7400000, guid: fa693e87e9caacac4a9263bea5f7daea, type: 2}
  m_WrapMode: 0
  m_PlayAutomatically: 0
  m_AnimatePhysics: 0
  m_CullingType: 0
--- !u!143 &143212764202648827
CharacterController:
  m_ObjectHideFlags: 1
  m_PrefabParentObject: {fileID: 0}
  m_PrefabInternal: {fileID: 100100000}
  m_GameObject: {fileID: 1863707756561579}
  m_Material: {fileID: 0}
  m_IsTrigger: 0
  m_Enabled: 1
  serializedVersion: 2
  m_Height: 2.1
  m_Radius: 0.6
  m_SlopeLimit: 45
  m_StepOffset: 0.3
  m_SkinWidth: 0.08
  m_MinMoveDistance: 0
  m_Center: {x: 0, y: 1.05, z: 0}
--- !u!114 &114528870047667013
MonoBehaviour:
  m_ObjectHideFlags: 1
  m_PrefabParentObject: {fileID: 0}
  m_PrefabInternal: {fileID: 100100000}
  m_GameObject: {fileID: 1863707756561579}
  m_Enabled: 1
  m_EditorHideFlags: 0
  m_Script: {fileID: 11500000, guid: 0000000deadbeef15deadf00d0000000, type: 3}
  m_Name:
  m_EditorClassIdentifier:
--- !u!114 &114393287600030787
MonoBehaviour:
  m_ObjectHideFlags: 1
  m_PrefabParentObject: {fileID: 0}
  m_PrefabInternal: {fileID: 100100000}
  m_GameObject: {fileID: 1863707756561579}
  m_Enabled: 1
  m_EditorHideFlags: 0
  m_Script: {fileID: 11500000, guid: 0000000deadbeef15deadf00d0000000, type: 3}
  m_Name:
  m_EditorClassIdentifier:
--- !u!114 &114660553559853973
MonoBehaviour:
  m_ObjectHideFlags: 1
  m_PrefabParentObject: {fileID: 0}
  m_PrefabInternal: {fileID: 100100000}
  m_GameObject: {fileID: 1863707756561579}
  m_Enabled: 1
  m_EditorHideFlags: 0
  m_Script: {fileID: 11500000, guid: 0000000deadbeef15deadf00d0000000, type: 3}
  m_Name:
  m_EditorClassIdentifier:
--- !u!114 &114356673905136008
MonoBehaviour:
  m_ObjectHideFlags: 1
  m_PrefabParentObject: {fileID: 0}
  m_PrefabInternal: {fileID: 100100000}
  m_GameObject: {fileID: 1863707756561579}
  m_Enabled: 1
  m_EditorHideFlags: 0
  m_Script: {fileID: 11500000, guid: 0000000deadbeef15deadf00d0000000, type: 3}
  m_Name:
  m_EditorClassIdentifier:
--- !u!1 &1471312994386710
GameObject:
  m_ObjectHideFlags: 0
  m_PrefabParentObject: {fileID: 0}
  m_PrefabInternal: {fileID: 100100000}
  serializedVersion: 5
  m_Component:
  - component: {fileID: 4752393040903455}
  - component: {fileID: 33119885776374039}
  - component: {fileID: 23108005084937608}
  - component: {fileID: 111294187855181338}
  m_Layer: 0
  m_Name: _Shadow
  m_TagString: Untagged
  m_Icon: {fileID: 0}
  m_NavMeshLayer: 0
  m_StaticEditorFlags: 0
  m_IsActive: 1
--- !u!4 &4752393040903455
Transform:
  m_ObjectHideFlags: 1
  m_PrefabParentObject: {fileID: 0}
  m_PrefabInternal: {fileID: 100100000}
  m_GameObject: {fileID: 1471312994386710}
  m_LocalRotation: {x: -0.7071068, y: 0, z: 0, w: 0.7071068}
  m_LocalPosition: {x: 0, y: 0.05, z: 0}
  m_LocalScale: {x: 2.6, y: 2.6, z: 2.6}
  m_Children: []
  m_Father: {fileID: 4907048666540131}
  m_RootOrder: 0
  m_LocalEulerAnglesHint: {x: -90, y: 0, z: 0}
--- !u!33 &33119885776374039
MeshFilter:
  m_ObjectHideFlags: 1
  m_PrefabParentObject: {fileID: 0}
  m_PrefabInternal: {fileID: 100100000}
  m_GameObject: {fileID: 1471312994386710}
  m_Mesh: {fileID: 4300000, guid: 102f9347f72b5c83446c86382f841c87, type: 2}
--- !u!23 &23108005084937608
MeshRenderer:
  m_ObjectHideFlags: 1
  m_PrefabParentObject: {fileID: 0}
  m_PrefabInternal: {fileID: 100100000}
  m_GameObject: {fileID: 1471312994386710}
  m_Enabled: 1
  m_CastShadows: 1
  m_ReceiveShadows: 1
  m_DynamicOccludee: 1
  m_MotionVectors: 1
  m_LightProbeUsage: 0
  m_ReflectionProbeUsage: 1
  m_Materials:
  - {fileID: 2100000, guid: cd0aac55c892489a42cacadf65293db9, type: 2}
  m_StaticBatchInfo:
    firstSubMesh: 0
    subMeshCount: 0
  m_StaticBatchRoot: {fileID: 0}
  m_ProbeAnchor: {fileID: 0}
  m_LightProbeVolumeOverride: {fileID: 0}
  m_ScaleInLightmap: 1
  m_PreserveUVs: 0
  m_IgnoreNormalsForChartDetection: 0
  m_ImportantGI: 0
  m_StitchLightmapSeams: 0
  m_SelectedEditorRenderState: 3
  m_MinimumChartSize: 4
  m_AutoUVMaxDistance: 0.5
  m_AutoUVMaxAngle: 89
  m_LightmapParameters: {fileID: 0}
  m_SortingLayerID: 0
  m_SortingLayer: 0
  m_SortingOrder: 0
--- !u!111 &111294187855181338
Animation:
  m_ObjectHideFlags: 1
  m_PrefabParentObject: {fileID: 0}
  m_PrefabInternal: {fileID: 100100000}
  m_GameObject: {fileID: 1471312994386710}
  m_Enabled: 1
  serializedVersion: 3
  m_Animation: {fileID: 0}
  m_Animations: []
  m_WrapMode: 0
  m_PlayAutomatically: 1
  m_AnimatePhysics: 0
  m_CullingType: 0
--- !u!1 &1161772289661930
GameObject:
  m_ObjectHideFlags: 0
  m_PrefabParentObject: {fileID: 0}
  m_PrefabInternal: {fileID: 100100000}
  serializedVersion: 5
  m_Component:
  - component: {fileID: 4552361733523124}
  - component: {fileID: 65373153135703560}
  m_Layer: 19
  m_Name: Bip01
  m_TagString: Untagged
  m_Icon: {fileID: 0}
  m_NavMeshLayer: 0
  m_StaticEditorFlags: 0
  m_IsActive: 1
--- !u!4 &4552361733523124
Transform:
  m_ObjectHideFlags: 1
  m_PrefabParentObject: {fileID: 0}
  m_PrefabInternal: {fileID: 100100000}
  m_GameObject: {fileID: 1161772289661930}
  m_LocalRotation: {x: -0.5, y: 0.5, z: 0.5, w: 0.5}
  m_LocalPosition: {x: 0, y: 0.562364, z: 0.056176}
  m_LocalScale: {x: 1, y: 1, z: 1}
  m_Children:
  - {fileID: 4256835645035269}
  - {fileID: 4255704357256721}
  - {fileID: 4494793031006061}
  m_Father: {fileID: 4907048666540131}
  m_RootOrder: 1
  m_LocalEulerAnglesHint: {x: -90, y: -90, z: 0}
--- !u!65 &65373153135703560
BoxCollider:
  m_ObjectHideFlags: 1
  m_PrefabParentObject: {fileID: 0}
  m_PrefabInternal: {fileID: 100100000}
  m_GameObject: {fileID: 1161772289661930}
  m_Material: {fileID: 0}
  m_IsTrigger: 0
  m_Enabled: 1
  serializedVersion: 2
  m_Size: {x: 1, y: 1, z: 1.2}
  m_Center: {x: 0, y: 0, z: 0}
--- !u!1 &1126918005579574
GameObject:
  m_ObjectHideFlags: 1
  m_PrefabParentObject: {fileID: 0}
  m_PrefabInternal: {fileID: 100100000}
  serializedVersion: 5
  m_Component:
  - component: {fileID: 4256835645035269}
  m_Layer: 0
  m_Name: Bip01 Footsteps
  m_TagString: Untagged
  m_Icon: {fileID: 0}
  m_NavMeshLayer: 0
  m_StaticEditorFlags: 0
  m_IsActive: 1
--- !u!4 &4256835645035269
Transform:
  m_ObjectHideFlags: 1
  m_PrefabParentObject: {fileID: 0}
  m_PrefabInternal: {fileID: 100100000}
  m_GameObject: {fileID: 1126918005579574}
  m_LocalRotation: {x: 0, y: 0, z: -0.7071064, w: 0.7071073}
  m_LocalPosition: {x: 0, y: 0, z: -0.5626926}
  m_LocalScale: {x: 1, y: 1, z: 1}
  m_Children: []
  m_Father: {fileID: 4552361733523124}
  m_RootOrder: 0
  m_LocalEulerAnglesHint: {x: 0, y: 0, z: 89.99992}
--- !u!1 &1671305070238513
GameObject:
  m_ObjectHideFlags: 1
  m_PrefabParentObject: {fileID: 0}
  m_PrefabInternal: {fileID: 100100000}
  serializedVersion: 5
  m_Component:
  - component: {fileID: 4255704357256721}
  m_Layer: 0
  m_Name: Bip01 Pelvis
  m_TagString: Untagged
  m_Icon: {fileID: 0}
  m_NavMeshLayer: 0
  m_StaticEditorFlags: 0
  m_IsActive: 1
--- !u!4 &4255704357256721
Transform:
  m_ObjectHideFlags: 1
  m_PrefabParentObject: {fileID: 0}
  m_PrefabInternal: {fileID: 100100000}
  m_GameObject: {fileID: 1671305070238513}
  m_LocalRotation: {x: -0.4999996, y: 0.5000004, z: 0.4999996, w: 0.5000004}
  m_LocalPosition: {x: 0, y: 0, z: 0}
  m_LocalScale: {x: 1, y: 1, z: 1}
  m_Children:
  - {fileID: 4432250928784262}
  - {fileID: 4246176275597245}
  m_Father: {fileID: 4552361733523124}
  m_RootOrder: 1
  m_LocalEulerAnglesHint: {x: -89.99992, y: -90, z: 0}
--- !u!1 &1534212565148342
GameObject:
  m_ObjectHideFlags: 1
  m_PrefabParentObject: {fileID: 0}
  m_PrefabInternal: {fileID: 100100000}
  serializedVersion: 5
  m_Component:
  - component: {fileID: 4432250928784262}
  m_Layer: 0
  m_Name: Bip01 L Thigh
  m_TagString: Untagged
  m_Icon: {fileID: 0}
  m_NavMeshLayer: 0
  m_StaticEditorFlags: 0
  m_IsActive: 1
--- !u!4 &4432250928784262
Transform:
  m_ObjectHideFlags: 1
  m_PrefabParentObject: {fileID: 0}
  m_PrefabInternal: {fileID: 100100000}
  m_GameObject: {fileID: 1534212565148342}
  m_LocalRotation: {x: -0.097167, y: 0.995064, z: -0.006732617, w: 0.0190002}
  m_LocalPosition: {x: 2.384186E-07, y: 2.868474E-07, z: 0.187397}
  m_LocalScale: {x: 1, y: 0.9999999, z: 1}
  m_Children:
  - {fileID: 4294050990997449}
  m_Father: {fileID: 4255704357256721}
  m_RootOrder: 0
  m_LocalEulerAnglesHint: {x: -179.0201, y: -2.092015, z: 168.8277}
--- !u!1 &1747874208649626
GameObject:
  m_ObjectHideFlags: 1
  m_PrefabParentObject: {fileID: 0}
  m_PrefabInternal: {fileID: 100100000}
  serializedVersion: 5
  m_Component:
  - component: {fileID: 4294050990997449}
  m_Layer: 0
  m_Name: Bip01 L Calf
  m_TagString: Untagged
  m_Icon: {fileID: 0}
  m_NavMeshLayer: 0
  m_StaticEditorFlags: 0
  m_IsActive: 1
--- !u!4 &4294050990997449
Transform:
  m_ObjectHideFlags: 1
  m_PrefabParentObject: {fileID: 0}
  m_PrefabInternal: {fileID: 100100000}
  m_GameObject: {fileID: 1747874208649626}
  m_LocalRotation: {x: 1.50175E-11, y: -1.870087E-09, z: 0.09747834, w: 0.9952376}
  m_LocalPosition: {x: -0.2910721, y: 0, z: 0}
  m_LocalScale: {x: 1, y: 1, z: 1}
  m_Children:
  - {fileID: 4920428043121715}
  m_Father: {fileID: 4432250928784262}
  m_RootOrder: 0
  m_LocalEulerAnglesHint: {x: -1.917655E-08, y: 2.134434E-07, z: -11.18796}
--- !u!1 &1494484987812701
GameObject:
  m_ObjectHideFlags: 1
  m_PrefabParentObject: {fileID: 0}
  m_PrefabInternal: {fileID: 100100000}
  serializedVersion: 5
  m_Component:
  - component: {fileID: 4920428043121715}
  m_Layer: 0
  m_Name: Bip01 L Foot
  m_TagString: Untagged
  m_Icon: {fileID: 0}
  m_NavMeshLayer: 0
  m_StaticEditorFlags: 0
  m_IsActive: 1
--- !u!4 &4920428043121715
Transform:
  m_ObjectHideFlags: 1
  m_PrefabParentObject: {fileID: 0}
  m_PrefabInternal: {fileID: 100100000}
  m_GameObject: {fileID: 1494484987812701}
  m_LocalRotation: {x: -0.004847753, y: 0.01956669, z: -0.0002929068, w: 0.9997967}
  m_LocalPosition: {x: -0.272547, y: 7.450581E-09, z: 1.490116E-08}
  m_LocalScale: {x: 1, y: 1, z: 1}
  m_Children:
  - {fileID: 4831496254750354}
  m_Father: {fileID: 4294050990997449}
  m_RootOrder: 0
  m_LocalEulerAnglesHint: {x: -0.5564902, y: -2.242131, z: 0.04446139}
--- !u!1 &1128840981698586
GameObject:
  m_ObjectHideFlags: 1
  m_PrefabParentObject: {fileID: 0}
  m_PrefabInternal: {fileID: 100100000}
  serializedVersion: 5
  m_Component:
  - component: {fileID: 4831496254750354}
  m_Layer: 0
  m_Name: Bip01 L Toe0
  m_TagString: Untagged
  m_Icon: {fileID: 0}
  m_NavMeshLayer: 0
  m_StaticEditorFlags: 0
  m_IsActive: 1
--- !u!4 &4831496254750354
Transform:
  m_ObjectHideFlags: 1
  m_PrefabParentObject: {fileID: 0}
  m_PrefabInternal: {fileID: 100100000}
  m_GameObject: {fileID: 1128840981698586}
  m_LocalRotation: {x: 9.260879E-22, y: 9.260879E-22, z: -0.7071068, w: 0.7071068}
  m_LocalPosition: {x: -0.00498882, y: 0.1468292, z: 0}
  m_LocalScale: {x: 1, y: 1, z: 1}
  m_Children:
  - {fileID: 4387704367000146}
  m_Father: {fileID: 4920428043121715}
  m_RootOrder: 0
  m_LocalEulerAnglesHint: {x: 0, y: -1.50079E-19, z: 90}
--- !u!1 &1238808630401312
GameObject:
  m_ObjectHideFlags: 1
  m_PrefabParentObject: {fileID: 0}
  m_PrefabInternal: {fileID: 100100000}
  serializedVersion: 5
  m_Component:
  - component: {fileID: 4387704367000146}
  m_Layer: 0
  m_Name: Bip01 L Toe0Nub
  m_TagString: Untagged
  m_Icon: {fileID: 0}
  m_NavMeshLayer: 0
  m_StaticEditorFlags: 0
  m_IsActive: 1
--- !u!4 &4387704367000146
Transform:
  m_ObjectHideFlags: 1
  m_PrefabParentObject: {fileID: 0}
  m_PrefabInternal: {fileID: 100100000}
  m_GameObject: {fileID: 1238808630401312}
  m_LocalRotation: {x: 1.309686E-21, y: -8.019513E-38, z: 1, w: 6.123234E-17}
  m_LocalPosition: {x: -0.000304997, y: 0, z: 0}
  m_LocalScale: {x: -1, y: -1, z: -1}
  m_Children: []
  m_Father: {fileID: 4831496254750354}
  m_RootOrder: 0
  m_LocalEulerAnglesHint: {x: 2.592402E-43, y: 1.500789E-19, z: -180}
--- !u!1 &1990950384734978
GameObject:
  m_ObjectHideFlags: 1
  m_PrefabParentObject: {fileID: 0}
  m_PrefabInternal: {fileID: 100100000}
  serializedVersion: 5
  m_Component:
  - component: {fileID: 4246176275597245}
  m_Layer: 0
  m_Name: Bip01 R Thigh
  m_TagString: Untagged
  m_Icon: {fileID: 0}
  m_NavMeshLayer: 0
  m_StaticEditorFlags: 0
  m_IsActive: 1
--- !u!4 &4246176275597245
Transform:
  m_ObjectHideFlags: 1
  m_PrefabParentObject: {fileID: 0}
  m_PrefabInternal: {fileID: 100100000}
  m_GameObject: {fileID: 1990950384734978}
  m_LocalRotation: {x: -0.09716696, y: 0.995064, z: 0.006731382, w: -0.0190018}
  m_LocalPosition: {x: -2.384186E-07, y: -2.346933E-07, z: -0.187397}
  m_LocalScale: {x: 1, y: 0.9999999, z: 1}
  m_Children:
  - {fileID: 4388616252789270}
  m_Father: {fileID: 4255704357256721}
  m_RootOrder: 1
  m_LocalEulerAnglesHint: {x: 179.0202, y: 2.092212, z: 168.8277}
--- !u!1 &1135871201108047
GameObject:
  m_ObjectHideFlags: 1
  m_PrefabParentObject: {fileID: 0}
  m_PrefabInternal: {fileID: 100100000}
  serializedVersion: 5
  m_Component:
  - component: {fileID: 4388616252789270}
  m_Layer: 0
  m_Name: Bip01 R Calf
  m_TagString: Untagged
  m_Icon: {fileID: 0}
  m_NavMeshLayer: 0
  m_StaticEditorFlags: 0
  m_IsActive: 1
--- !u!4 &4388616252789270
Transform:
  m_ObjectHideFlags: 1
  m_PrefabParentObject: {fileID: 0}
  m_PrefabInternal: {fileID: 100100000}
  m_GameObject: {fileID: 1135871201108047}
  m_LocalRotation: {x: 7.11088E-10, y: -1.801911E-09, z: 0.09747832, w: 0.9952376}
  m_LocalPosition: {x: -0.291072, y: 0, z: 2.980232E-08}
  m_LocalScale: {x: 1, y: 1, z: 1}
  m_Children:
  - {fileID: 4821257623506572}
  m_Father: {fileID: 4246176275597245}
  m_RootOrder: 0
  m_LocalEulerAnglesHint: {x: 6.096894E-08, y: 2.134434E-07, z: -11.18796}
--- !u!1 &1539348328670146
GameObject:
  m_ObjectHideFlags: 1
  m_PrefabParentObject: {fileID: 0}
  m_PrefabInternal: {fileID: 100100000}
  serializedVersion: 5
  m_Component:
  - component: {fileID: 4821257623506572}
  m_Layer: 0
  m_Name: Bip01 R Foot
  m_TagString: Untagged
  m_Icon: {fileID: 0}
  m_NavMeshLayer: 0
  m_StaticEditorFlags: 0
  m_IsActive: 1
--- !u!4 &4821257623506572
Transform:
  m_ObjectHideFlags: 1
  m_PrefabParentObject: {fileID: 0}
  m_PrefabInternal: {fileID: 100100000}
  m_GameObject: {fileID: 1539348328670146}
  m_LocalRotation: {x: 0.004847753, y: -0.01956678, z: -0.0002929071, w: 0.9997967}
  m_LocalPosition: {x: -0.2725469, y: 0, z: -2.980232E-08}
  m_LocalScale: {x: 0.9999999, y: 0.9999999, z: 0.9999999}
  m_Children:
  - {fileID: 4167971268633756}
  m_Father: {fileID: 4388616252789270}
  m_RootOrder: 0
  m_LocalEulerAnglesHint: {x: 0.5564902, y: 2.242141, z: 0.04446148}
--- !u!1 &1225677508770271
GameObject:
  m_ObjectHideFlags: 1
  m_PrefabParentObject: {fileID: 0}
  m_PrefabInternal: {fileID: 100100000}
  serializedVersion: 5
  m_Component:
  - component: {fileID: 4167971268633756}
  m_Layer: 0
  m_Name: Bip01 R Toe0
  m_TagString: Untagged
  m_Icon: {fileID: 0}
  m_NavMeshLayer: 0
  m_StaticEditorFlags: 0
  m_IsActive: 1
--- !u!4 &4167971268633756
Transform:
  m_ObjectHideFlags: 1
  m_PrefabParentObject: {fileID: 0}
  m_PrefabInternal: {fileID: 100100000}
  m_GameObject: {fileID: 1225677508770271}
  m_LocalRotation: {x: 9.260879E-22, y: 9.260879E-22, z: -0.7071068, w: 0.7071068}
  m_LocalPosition: {x: -0.00498882, y: 0.1468292, z: 0}
  m_LocalScale: {x: 1, y: 1, z: 1}
  m_Children:
  - {fileID: 4979881934422982}
  m_Father: {fileID: 4821257623506572}
  m_RootOrder: 0
  m_LocalEulerAnglesHint: {x: 0, y: -1.50079E-19, z: 90}
--- !u!1 &1581347027263103
GameObject:
  m_ObjectHideFlags: 1
  m_PrefabParentObject: {fileID: 0}
  m_PrefabInternal: {fileID: 100100000}
  serializedVersion: 5
  m_Component:
  - component: {fileID: 4979881934422982}
  m_Layer: 0
  m_Name: Bip01 R Toe0Nub
  m_TagString: Untagged
  m_Icon: {fileID: 0}
  m_NavMeshLayer: 0
  m_StaticEditorFlags: 0
  m_IsActive: 1
--- !u!4 &4979881934422982
Transform:
  m_ObjectHideFlags: 1
  m_PrefabParentObject: {fileID: 0}
  m_PrefabInternal: {fileID: 100100000}
  m_GameObject: {fileID: 1581347027263103}
  m_LocalRotation: {x: 0, y: 1.309686E-21, z: 0, w: 1}
  m_LocalPosition: {x: -0.000304997, y: 0, z: 0}
  m_LocalScale: {x: 1, y: 1, z: 1}
  m_Children: []
  m_Father: {fileID: 4167971268633756}
  m_RootOrder: 0
  m_LocalEulerAnglesHint: {x: 0, y: -1.500789E-19, z: 0}
--- !u!1 &1829493601798416
GameObject:
  m_ObjectHideFlags: 1
  m_PrefabParentObject: {fileID: 0}
  m_PrefabInternal: {fileID: 100100000}
  serializedVersion: 5
  m_Component:
  - component: {fileID: 4494793031006061}
  m_Layer: 0
  m_Name: UpBodyRotate
  m_TagString: Untagged
  m_Icon: {fileID: 0}
  m_NavMeshLayer: 0
  m_StaticEditorFlags: 0
  m_IsActive: 1
--- !u!4 &4494793031006061
Transform:
  m_ObjectHideFlags: 1
  m_PrefabParentObject: {fileID: 0}
  m_PrefabInternal: {fileID: 100100000}
  m_GameObject: {fileID: 1829493601798416}
  m_LocalRotation: {x: 0.5000095, y: -0.4999905, z: -0.5000095, w: -0.4999905}
  m_LocalPosition: {x: -0.02055483, y: 0, z: 0.08021915}
  m_LocalScale: {x: 1, y: 1, z: 1}
  m_Children:
  - {fileID: 4154567845468420}
  - {fileID: 4093162921579261}
  m_Father: {fileID: 4552361733523124}
  m_RootOrder: 2
  m_LocalEulerAnglesHint: {x: -90.00218, y: -90, z: 0}
--- !u!1 &1624702483187122
GameObject:
  m_ObjectHideFlags: 1
  m_PrefabParentObject: {fileID: 0}
  m_PrefabInternal: {fileID: 100100000}
  serializedVersion: 5
  m_Component:
  - component: {fileID: 4154567845468420}
  m_Layer: 0
  m_Name: Bip01 Prop1
  m_TagString: Untagged
  m_Icon: {fileID: 0}
  m_NavMeshLayer: 0
  m_StaticEditorFlags: 0
  m_IsActive: 1
--- !u!4 &4154567845468420
Transform:
  m_ObjectHideFlags: 1
  m_PrefabParentObject: {fileID: 0}
  m_PrefabInternal: {fileID: 100100000}
  m_GameObject: {fileID: 1624702483187122}
  m_LocalRotation: {x: -1.46062E-11, y: 0.7070934, z: 0.7071201, w: -0.0003980776}
  m_LocalPosition: {x: 0.6426261, y: -0.07636906, z: -0.0003645416}
  m_LocalScale: {x: 0.9999999, y: 0.9999999, z: 0.9999999}
  m_Children: []
  m_Father: {fileID: 4494793031006061}
  m_RootOrder: 0
  m_LocalEulerAnglesHint: {x: 89.99783, y: 0.03225501, z: 179.9677}
--- !u!1 &1136687402347289
GameObject:
  m_ObjectHideFlags: 1
  m_PrefabParentObject: {fileID: 0}
  m_PrefabInternal: {fileID: 100100000}
  serializedVersion: 5
  m_Component:
  - component: {fileID: 4093162921579261}
  m_Layer: 0
  m_Name: Bip01 Spine
  m_TagString: Untagged
  m_Icon: {fileID: 0}
  m_NavMeshLayer: 0
  m_StaticEditorFlags: 0
  m_IsActive: 1
--- !u!4 &4093162921579261
Transform:
  m_ObjectHideFlags: 1
  m_PrefabParentObject: {fileID: 0}
  m_PrefabInternal: {fileID: 100100000}
  m_GameObject: {fileID: 1136687402347289}
  m_LocalRotation: {x: 1.741542E-05, y: 0.0002814911, z: -0.0001166752, w: 0.9999999}
  m_LocalPosition: {x: 5.960464E-08, y: 0, z: -2.910383E-11}
  m_LocalScale: {x: 1, y: 0.9999999, z: 0.9999999}
  m_Children:
  - {fileID: 4947401620368582}
  m_Father: {fileID: 4494793031006061}
  m_RootOrder: 1
  m_LocalEulerAnglesHint: {x: 0.001991897, y: -0.03225673, z: 0.01336944}
--- !u!1 &1802084175510069
GameObject:
  m_ObjectHideFlags: 1
  m_PrefabParentObject: {fileID: 0}
  m_PrefabInternal: {fileID: 100100000}
  serializedVersion: 5
  m_Component:
  - component: {fileID: 4947401620368582}
  m_Layer: 0
  m_Name: Bip01 Spine1
  m_TagString: Untagged
  m_Icon: {fileID: 0}
  m_NavMeshLayer: 0
  m_StaticEditorFlags: 0
  m_IsActive: 1
--- !u!4 &4947401620368582
Transform:
  m_ObjectHideFlags: 1
  m_PrefabParentObject: {fileID: 0}
  m_PrefabInternal: {fileID: 100100000}
  m_GameObject: {fileID: 1802084175510069}
  m_LocalRotation: {x: -8.623396E-14, y: -6.924408E-08, z: 0.02496541, w: 0.9996883}
  m_LocalPosition: {x: -0.2124767, y: -0.0002046973, z: -5.677236E-10}
  m_LocalScale: {x: 1, y: 1, z: 1}
  m_Children:
  - {fileID: 4012226648292483}
  m_Father: {fileID: 4093162921579261}
  m_RootOrder: 0
  m_LocalEulerAnglesHint: {x: -1.981051E-07, y: 7.932314E-06, z: -2.861123}
--- !u!1 &1298758229791161
GameObject:
  m_ObjectHideFlags: 1
  m_PrefabParentObject: {fileID: 0}
  m_PrefabInternal: {fileID: 100100000}
  serializedVersion: 5
  m_Component:
  - component: {fileID: 4012226648292483}
  m_Layer: 0
  m_Name: Bip01 Neck
  m_TagString: Untagged
  m_Icon: {fileID: 0}
  m_NavMeshLayer: 0
  m_StaticEditorFlags: 0
  m_IsActive: 1
--- !u!4 &4012226648292483
Transform:
  m_ObjectHideFlags: 1
  m_PrefabParentObject: {fileID: 0}
  m_PrefabInternal: {fileID: 100100000}
  m_GameObject: {fileID: 1298758229791161}
  m_LocalRotation: {x: -4.616223E-14, y: 6.534692E-08, z: -0.02356032, w: 0.9997224}
  m_LocalPosition: {x: -0.3098223, y: -0.006680138, z: -1.852803E-08}
  m_LocalScale: {x: 1, y: 1, z: 1}
  m_Children:
  - {fileID: 4850655591126509}
  - {fileID: 4864674881841056}
  - {fileID: 4262851612322100}
  m_Father: {fileID: 4947401620368582}
  m_RootOrder: 0
  m_LocalEulerAnglesHint: {x: -1.764298E-07, y: -7.486126E-06, z: 2.700063}
--- !u!1 &1341421559892666
GameObject:
  m_ObjectHideFlags: 1
  m_PrefabParentObject: {fileID: 0}
  m_PrefabInternal: {fileID: 100100000}
  serializedVersion: 5
  m_Component:
  - component: {fileID: 4850655591126509}
  m_Layer: 0
  m_Name: Bip01 Head
  m_TagString: Untagged
  m_Icon: {fileID: 0}
  m_NavMeshLayer: 0
  m_StaticEditorFlags: 0
  m_IsActive: 1
--- !u!4 &4850655591126509
Transform:
  m_ObjectHideFlags: 1
  m_PrefabParentObject: {fileID: 0}
  m_PrefabInternal: {fileID: 100100000}
  m_GameObject: {fileID: 1341421559892666}
  m_LocalRotation: {x: 8.797683E-14, y: 2.794049E-09, z: -0.001006678, w: 0.9999995}
  m_LocalPosition: {x: -0.06585693, y: -3.72529E-09, z: 0}
  m_LocalScale: {x: 1, y: 1, z: 1}
  m_Children:
  - {fileID: 4640841965451403}
  m_Father: {fileID: 4012226648292483}
  m_RootOrder: 0
  m_LocalEulerAnglesHint: {x: -3.122312E-10, y: -3.201742E-07, z: 0.1153569}
--- !u!1 &1908540445452975
GameObject:
  m_ObjectHideFlags: 1
  m_PrefabParentObject: {fileID: 0}
  m_PrefabInternal: {fileID: 100100000}
  serializedVersion: 5
  m_Component:
  - component: {fileID: 4640841965451403}
  - component: {fileID: 135194500711096633}
  m_Layer: 18
  m_Name: Bip01 HeadNub
  m_TagString: Untagged
  m_Icon: {fileID: 0}
  m_NavMeshLayer: 0
  m_StaticEditorFlags: 0
  m_IsActive: 1
--- !u!4 &4640841965451403
Transform:
  m_ObjectHideFlags: 1
  m_PrefabParentObject: {fileID: 0}
  m_PrefabInternal: {fileID: 100100000}
  m_GameObject: {fileID: 1908540445452975}
  m_LocalRotation: {x: -4.11748E-20, y: 0, z: 0, w: 1}
  m_LocalPosition: {x: -0.72391, y: 0, z: 0}
  m_LocalScale: {x: 1, y: 1, z: 1}
  m_Children: []
  m_Father: {fileID: 4850655591126509}
  m_RootOrder: 0
  m_LocalEulerAnglesHint: {x: -4.718284E-18, y: 0, z: 0}
--- !u!135 &135194500711096633
SphereCollider:
  m_ObjectHideFlags: 1
  m_PrefabParentObject: {fileID: 0}
  m_PrefabInternal: {fileID: 100100000}
  m_GameObject: {fileID: 1908540445452975}
  m_Material: {fileID: 0}
  m_IsTrigger: 0
  m_Enabled: 1
  serializedVersion: 2
  m_Radius: 0.5
  m_Center: {x: 0.3, y: 0, z: 0}
--- !u!1 &1018510312938663
GameObject:
  m_ObjectHideFlags: 1
  m_PrefabParentObject: {fileID: 0}
  m_PrefabInternal: {fileID: 100100000}
  serializedVersion: 5
  m_Component:
  - component: {fileID: 4864674881841056}
  m_Layer: 0
  m_Name: Bip01 L Clavicle
  m_TagString: Untagged
  m_Icon: {fileID: 0}
  m_NavMeshLayer: 0
  m_StaticEditorFlags: 0
  m_IsActive: 1
--- !u!4 &4864674881841056
Transform:
  m_ObjectHideFlags: 1
  m_PrefabParentObject: {fileID: 0}
  m_PrefabInternal: {fileID: 100100000}
  m_GameObject: {fileID: 1018510312938663}
  m_LocalRotation: {x: -0.606297, y: -0.05176467, z: 0.7934949, w: 0.009500504}
  m_LocalPosition: {x: 0.07568407, y: -0.03103494, z: 0.06511591}
  m_LocalScale: {x: 1, y: 1, z: 1}
  m_Children:
  - {fileID: 4129128820919814}
  m_Father: {fileID: 4012226648292483}
  m_RootOrder: 1
  m_LocalEulerAnglesHint: {x: -19.85139, y: -73.98792, z: -163.6074}
--- !u!1 &1838411778077589
GameObject:
  m_ObjectHideFlags: 1
  m_PrefabParentObject: {fileID: 0}
  m_PrefabInternal: {fileID: 100100000}
  serializedVersion: 5
  m_Component:
  - component: {fileID: 4129128820919814}
  m_Layer: 0
  m_Name: Bip01 L UpperArm
  m_TagString: Untagged
  m_Icon: {fileID: 0}
  m_NavMeshLayer: 0
  m_StaticEditorFlags: 0
  m_IsActive: 1
--- !u!4 &4129128820919814
Transform:
  m_ObjectHideFlags: 1
  m_PrefabParentObject: {fileID: 0}
  m_PrefabInternal: {fileID: 100100000}
  m_GameObject: {fileID: 1838411778077589}
  m_LocalRotation: {x: 0.08963522, y: -0.1318363, z: 0.04359984, w: 0.9862474}
  m_LocalPosition: {x: -0.248271, y: -7.450581E-09, z: 1.192093E-07}
  m_LocalScale: {x: 1, y: 1, z: 1}
  m_Children:
  - {fileID: 4149006124858348}
  m_Father: {fileID: 4864674881841056}
  m_RootOrder: 0
  m_LocalEulerAnglesHint: {x: 9.87963, y: 15.53712, z: -3.711441}
--- !u!1 &1298331960448012
GameObject:
  m_ObjectHideFlags: 1
  m_PrefabParentObject: {fileID: 0}
  m_PrefabInternal: {fileID: 100100000}
  serializedVersion: 5
  m_Component:
  - component: {fileID: 4149006124858348}
  m_Layer: 0
  m_Name: Bip01 L Forearm
  m_TagString: Untagged
  m_Icon: {fileID: 0}
  m_NavMeshLayer: 0
  m_StaticEditorFlags: 0
  m_IsActive: 1
--- !u!4 &4149006124858348
Transform:
  m_ObjectHideFlags: 1
  m_PrefabParentObject: {fileID: 0}
  m_PrefabInternal: {fileID: 100100000}
  m_GameObject: {fileID: 1298331960448012}
  m_LocalRotation: {x: 4.08144E-09, y: 3.004572E-08, z: 0.05031214, w: 0.9987336}
  m_LocalPosition: {x: -0.3248459, y: 0, z: -1.192093E-07}
  m_LocalScale: {x: 1, y: 1, z: 0.9999999}
  m_Children:
  - {fileID: 4757532860218111}
  m_Father: {fileID: 4129128820919814}
  m_RootOrder: 0
  m_LocalEulerAnglesHint: {x: 6.403302E-07, y: -3.415095E-06, z: -5.767782}
--- !u!1 &1946388131462855
GameObject:
  m_ObjectHideFlags: 1
  m_PrefabParentObject: {fileID: 0}
  m_PrefabInternal: {fileID: 100100000}
  serializedVersion: 5
  m_Component:
  - component: {fileID: 4757532860218111}
  m_Layer: 0
  m_Name: Bip01 L Hand
  m_TagString: Untagged
  m_Icon: {fileID: 0}
  m_NavMeshLayer: 0
  m_StaticEditorFlags: 0
  m_IsActive: 1
--- !u!4 &4757532860218111
Transform:
  m_ObjectHideFlags: 1
  m_PrefabParentObject: {fileID: 0}
  m_PrefabInternal: {fileID: 100100000}
  m_GameObject: {fileID: 1946388131462855}
  m_LocalRotation: {x: -0.7068252, y: -2.042353E-08, z: -2.172384E-08, w: 0.7073883}
  m_LocalPosition: {x: -0.209737, y: 0, z: 0}
  m_LocalScale: {x: 1, y: 0.9999999, z: 1}
  m_Children: []
  m_Father: {fileID: 4149006124858348}
  m_RootOrder: 0
  m_LocalEulerAnglesHint: {x: -89.95438, y: 3.415095E-06, z: 1.067217E-07}
--- !u!1 &1207791846224761
GameObject:
  m_ObjectHideFlags: 1
  m_PrefabParentObject: {fileID: 0}
  m_PrefabInternal: {fileID: 100100000}
  serializedVersion: 5
  m_Component:
  - component: {fileID: 4262851612322100}
  m_Layer: 0
  m_Name: Bip01 R Clavicle
  m_TagString: Untagged
  m_Icon: {fileID: 0}
  m_NavMeshLayer: 0
  m_StaticEditorFlags: 0
  m_IsActive: 1
--- !u!4 &4262851612322100
Transform:
  m_ObjectHideFlags: 1
  m_PrefabParentObject: {fileID: 0}
  m_PrefabInternal: {fileID: 100100000}
  m_GameObject: {fileID: 1207791846224761}
  m_LocalRotation: {x: 0.6062971, y: 0.0517625, z: 0.793495, w: 0.009498798}
  m_LocalPosition: {x: 0.07568407, y: -0.03103457, z: -0.06511609}
  m_LocalScale: {x: 1, y: 1, z: 1}
  m_Children:
  - {fileID: 4719492802479167}
  m_Father: {fileID: 4012226648292483}
  m_RootOrder: 2
  m_LocalEulerAnglesHint: {x: 19.8503, y: 73.98801, z: -163.6085}
--- !u!1 &1586657528909092
GameObject:
  m_ObjectHideFlags: 1
  m_PrefabParentObject: {fileID: 0}
  m_PrefabInternal: {fileID: 100100000}
  serializedVersion: 5
  m_Component:
  - component: {fileID: 4719492802479167}
  m_Layer: 0
  m_Name: Bip01 R UpperArm
  m_TagString: Untagged
  m_Icon: {fileID: 0}
  m_NavMeshLayer: 0
  m_StaticEditorFlags: 0
  m_IsActive: 1
--- !u!4 &4719492802479167
Transform:
  m_ObjectHideFlags: 1
  m_PrefabParentObject: {fileID: 0}
  m_PrefabInternal: {fileID: 100100000}
  m_GameObject: {fileID: 1586657528909092}
  m_LocalRotation: {x: -0.08963521, y: 0.1318363, z: 0.04359985, w: 0.9862474}
  m_LocalPosition: {x: -0.248271, y: 0, z: -1.192093E-07}
  m_LocalScale: {x: 1, y: 1, z: 1}
  m_Children:
  - {fileID: 4514275030097817}
  m_Father: {fileID: 4262851612322100}
  m_RootOrder: 0
  m_LocalEulerAnglesHint: {x: -9.879629, y: -15.53711, z: -3.711442}
--- !u!1 &1524981475417663
GameObject:
  m_ObjectHideFlags: 1
  m_PrefabParentObject: {fileID: 0}
  m_PrefabInternal: {fileID: 100100000}
  serializedVersion: 5
  m_Component:
  - component: {fileID: 4514275030097817}
  m_Layer: 0
  m_Name: Bip01 R Forearm
  m_TagString: Untagged
  m_Icon: {fileID: 0}
  m_NavMeshLayer: 0
  m_StaticEditorFlags: 0
  m_IsActive: 1
--- !u!4 &4514275030097817
Transform:
  m_ObjectHideFlags: 1
  m_PrefabParentObject: {fileID: 0}
  m_PrefabInternal: {fileID: 100100000}
  m_GameObject: {fileID: 1524981475417663}
  m_LocalRotation: {x: -4.261874E-09, y: -4.497487E-08, z: 0.05031214, w: 0.9987336}
  m_LocalPosition: {x: -0.3248459, y: 0, z: 0}
  m_LocalScale: {x: 1, y: 1, z: 1}
  m_Children:
  - {fileID: 4066956102084849}
  m_Father: {fileID: 4719492802479167}
  m_RootOrder: 0
  m_LocalEulerAnglesHint: {x: -7.470519E-07, y: 5.122642E-06, z: -5.767781}
--- !u!1 &1150777215267701
GameObject:
  m_ObjectHideFlags: 1
  m_PrefabParentObject: {fileID: 0}
  m_PrefabInternal: {fileID: 100100000}
  serializedVersion: 5
  m_Component:
  - component: {fileID: 4066956102084849}
  m_Layer: 0
  m_Name: Bip01 R Hand
  m_TagString: Untagged
  m_Icon: {fileID: 0}
  m_NavMeshLayer: 0
  m_StaticEditorFlags: 0
  m_IsActive: 1
--- !u!4 &4066956102084849
Transform:
  m_ObjectHideFlags: 1
  m_PrefabParentObject: {fileID: 0}
  m_PrefabInternal: {fileID: 100100000}
  m_GameObject: {fileID: 1150777215267701}
  m_LocalRotation: {x: 0.7068253, y: 1.251575E-08, z: -8.556097E-09, w: 0.7073883}
  m_LocalPosition: {x: -0.2097369, y: -1.490116E-08, z: 0}
  m_LocalScale: {x: 1, y: 1, z: 1}
  m_Children: []
  m_Father: {fileID: 4514275030097817}
  m_RootOrder: 0
  m_LocalEulerAnglesHint: {x: 89.95438, y: -1.707547E-06, z: -3.201651E-07}
--- !u!1 &1049634918458406
GameObject:
  m_ObjectHideFlags: 0
  m_PrefabParentObject: {fileID: 0}
  m_PrefabInternal: {fileID: 100100000}
  serializedVersion: 5
  m_Component:
  - component: {fileID: 4930542481225796}
  m_Layer: 0
  m_Name: Dummy01
  m_TagString: Untagged
  m_Icon: {fileID: 0}
  m_NavMeshLayer: 0
  m_StaticEditorFlags: 0
  m_IsActive: 1
--- !u!4 &4930542481225796
Transform:
  m_ObjectHideFlags: 1
  m_PrefabParentObject: {fileID: 0}
  m_PrefabInternal: {fileID: 100100000}
  m_GameObject: {fileID: 1049634918458406}
  m_LocalRotation: {x: -0.7071068, y: 0, z: 0, w: 0.7071068}
  m_LocalPosition: {x: 0, y: 0, z: 0}
  m_LocalScale: {x: 1, y: 1, z: 1}
  m_Children: []
  m_Father: {fileID: 4907048666540131}
  m_RootOrder: 2
  m_LocalEulerAnglesHint: {x: -90, y: 0, z: 0}
--- !u!1 &1337772609774526
GameObject:
  m_ObjectHideFlags: 0
  m_PrefabParentObject: {fileID: 0}
  m_PrefabInternal: {fileID: 100100000}
  serializedVersion: 5
  m_Component:
  - component: {fileID: 4205516568830356}
  m_Layer: 0
  m_Name: Electricity
  m_TagString: Untagged
  m_Icon: {fileID: 0}
  m_NavMeshLayer: 0
  m_StaticEditorFlags: 0
  m_IsActive: 1
--- !u!4 &4205516568830356
Transform:
  m_ObjectHideFlags: 1
  m_PrefabParentObject: {fileID: 0}
  m_PrefabInternal: {fileID: 100100000}
  m_GameObject: {fileID: 1337772609774526}
  m_LocalRotation: {x: 0, y: 0, z: 0, w: 1}
  m_LocalPosition: {x: 0, y: 1, z: 0}
  m_LocalScale: {x: 1, y: 1, z: 1}
  m_Children: []
  m_Father: {fileID: 4907048666540131}
  m_RootOrder: 3
  m_LocalEulerAnglesHint: {x: 0, y: 0, z: 0}
