%YAML 1.1
%TAG !u! tag:unity3d.com,2011:
--- !u!1001 &100100000
Prefab:
  m_ObjectHideFlags: 1
  serializedVersion: 2
  m_Modification:
    m_TransformParent: {fileID: 0}
    m_Modifications: []
    m_RemovedComponents: []
  m_ParentPrefab: {fileID: 0}
  m_RootGameObject: {fileID: 1200211813284284}
  m_IsPrefabParent: 1
--- !u!1 &1200211813284284
GameObject:
  m_ObjectHideFlags: 0
  m_PrefabParentObject: {fileID: 0}
  m_PrefabInternal: {fileID: 100100000}
  serializedVersion: 5
  m_Component:
  - component: {fileID: 4990214463877296}
  - component: {fileID: 111480987024425973}
  - component: {fileID: 114010627321179981}
  m_Layer: 0
  m_Name: Prop_Christmas2014Pet
  m_TagString: Untagged
  m_Icon: {fileID: 0}
  m_NavMeshLayer: 0
  m_StaticEditorFlags: 0
  m_IsActive: 1
--- !u!4 &4990214463877296
Transform:
  m_ObjectHideFlags: 1
  m_PrefabParentObject: {fileID: 0}
  m_PrefabInternal: {fileID: 100100000}
  m_GameObject: {fileID: 1200211813284284}
  m_LocalRotation: {x: 0, y: 0, z: 0, w: 1}
  m_LocalPosition: {x: 0, y: 0, z: 0}
  m_LocalScale: {x: 1, y: 1, z: 1}
  m_Children:
  - {fileID: 4171643166517464}
  - {fileID: 4213217715512508}
  - {fileID: 4945762083127597}
  m_Father: {fileID: 0}
  m_RootOrder: 0
  m_LocalEulerAnglesHint: {x: 0, y: 0, z: 0}
--- !u!111 &111480987024425973
Animation:
  m_ObjectHideFlags: 1
  m_PrefabParentObject: {fileID: 0}
  m_PrefabInternal: {fileID: 100100000}
  m_GameObject: {fileID: 1200211813284284}
  m_Enabled: 1
  serializedVersion: 3
  m_Animation: {fileID: 7400000, guid: 393dc783b924038249e839dc91c3dca0, type: 2}
  m_Animations:
  - {fileID: 7400000, guid: 393dc783b924038249e839dc91c3dca0, type: 2}
  - {fileID: 7400000, guid: da80d276e2600f924bbd8245981ba143, type: 2}
  - {fileID: 7400000, guid: 63f725281709bdba459e680330c1adf5, type: 2}
  m_WrapMode: 0
  m_PlayAutomatically: 1
  m_AnimatePhysics: 0
  m_CullingType: 1
--- !u!114 &114010627321179981
MonoBehaviour:
  m_ObjectHideFlags: 1
  m_PrefabParentObject: {fileID: 0}
  m_PrefabInternal: {fileID: 100100000}
  m_GameObject: {fileID: 1200211813284284}
  m_Enabled: 1
  m_EditorHideFlags: 0
  m_Script: {fileID: 11500000, guid: 0000000deadbeef15deadf00d0000000, type: 3}
  m_Name:
  m_EditorClassIdentifier:
--- !u!1 &1249143859439380
GameObject:
  m_ObjectHideFlags: 0
  m_PrefabParentObject: {fileID: 0}
  m_PrefabInternal: {fileID: 100100000}
  serializedVersion: 5
  m_Component:
  - component: {fileID: 4171643166517464}
  m_Layer: 0
  m_Name: Bip01
  m_TagString: Untagged
  m_Icon: {fileID: 0}
  m_NavMeshLayer: 0
  m_StaticEditorFlags: 0
  m_IsActive: 1
--- !u!4 &4171643166517464
Transform:
  m_ObjectHideFlags: 1
  m_PrefabParentObject: {fileID: 0}
  m_PrefabInternal: {fileID: 100100000}
  m_GameObject: {fileID: 1249143859439380}
  m_LocalRotation: {x: -0.5, y: 0.5, z: 0.5, w: 0.5}
  m_LocalPosition: {x: 0, y: 0.4562372, z: -0.01203835}
  m_LocalScale: {x: 1, y: 1, z: 1}
  m_Children:
  - {fileID: 4875039123919808}
  - {fileID: 4306298890859485}
  - {fileID: 4112940857556765}
  m_Father: {fileID: 4990214463877296}
  m_RootOrder: 0
  m_LocalEulerAnglesHint: {x: -90, y: -90, z: 0}
--- !u!1 &1724475620116023
GameObject:
  m_ObjectHideFlags: 1
  m_PrefabParentObject: {fileID: 0}
  m_PrefabInternal: {fileID: 100100000}
  serializedVersion: 5
  m_Component:
  - component: {fileID: 4875039123919808}
  m_Layer: 0
  m_Name: Bip01 Footsteps
  m_TagString: Untagged
  m_Icon: {fileID: 0}
  m_NavMeshLayer: 0
  m_StaticEditorFlags: 0
  m_IsActive: 1
--- !u!4 &4875039123919808
Transform:
  m_ObjectHideFlags: 1
  m_PrefabParentObject: {fileID: 0}
  m_PrefabInternal: {fileID: 100100000}
  m_GameObject: {fileID: 1724475620116023}
  m_LocalRotation: {x: 0, y: 0, z: -0.7071064, w: 0.7071073}
  m_LocalPosition: {x: 0, y: 0, z: -0.2676986}
  m_LocalScale: {x: 1, y: 1, z: 1}
  m_Children: []
  m_Father: {fileID: 4171643166517464}
  m_RootOrder: 0
  m_LocalEulerAnglesHint: {x: 0, y: 0, z: 89.99992}
--- !u!1 &1285540388618694
GameObject:
  m_ObjectHideFlags: 1
  m_PrefabParentObject: {fileID: 0}
  m_PrefabInternal: {fileID: 100100000}
  serializedVersion: 5
  m_Component:
  - component: {fileID: 4306298890859485}
  m_Layer: 0
  m_Name: Bip01 Pelvis
  m_TagString: Untagged
  m_Icon: {fileID: 0}
  m_NavMeshLayer: 0
  m_StaticEditorFlags: 0
  m_IsActive: 1
--- !u!4 &4306298890859485
Transform:
  m_ObjectHideFlags: 1
  m_PrefabParentObject: {fileID: 0}
  m_PrefabInternal: {fileID: 100100000}
  m_GameObject: {fileID: 1285540388618694}
  m_LocalRotation: {x: -0.4999996, y: 0.5000004, z: 0.4999996, w: 0.5000004}
  m_LocalPosition: {x: 0, y: 0, z: 0}
  m_LocalScale: {x: 1, y: 1, z: 1}
  m_Children:
  - {fileID: 4349975159629318}
  - {fileID: 4664876016927072}
  m_Father: {fileID: 4171643166517464}
  m_RootOrder: 1
  m_LocalEulerAnglesHint: {x: -89.99992, y: -90, z: 0}
--- !u!1 &1408934613958375
GameObject:
  m_ObjectHideFlags: 1
  m_PrefabParentObject: {fileID: 0}
  m_PrefabInternal: {fileID: 100100000}
  serializedVersion: 5
  m_Component:
  - component: {fileID: 4349975159629318}
  m_Layer: 0
  m_Name: Bip01 R Thigh
  m_TagString: Untagged
  m_Icon: {fileID: 0}
  m_NavMeshLayer: 0
  m_StaticEditorFlags: 0
  m_IsActive: 1
--- !u!4 &4349975159629318
Transform:
  m_ObjectHideFlags: 1
  m_PrefabParentObject: {fileID: 0}
  m_PrefabInternal: {fileID: 100100000}
  m_GameObject: {fileID: 1408934613958375}
  m_LocalRotation: {x: -0.09716696, y: 0.995064, z: 0.006731046, w: -0.0190016}
  m_LocalPosition: {x: -1.192093E-07, y: -9.220093E-08, z: -0.08023091}
  m_LocalScale: {x: 1, y: 1, z: 1}
  m_Children:
  - {fileID: 4671777423447433}
  m_Father: {fileID: 4306298890859485}
  m_RootOrder: 0
  m_LocalEulerAnglesHint: {x: 179.0202, y: 2.092193, z: 168.8277}
--- !u!1 &1358286470652046
GameObject:
  m_ObjectHideFlags: 1
  m_PrefabParentObject: {fileID: 0}
  m_PrefabInternal: {fileID: 100100000}
  serializedVersion: 5
  m_Component:
  - component: {fileID: 4671777423447433}
  m_Layer: 0
  m_Name: Bip01 R Calf
  m_TagString: Untagged
  m_Icon: {fileID: 0}
  m_NavMeshLayer: 0
  m_StaticEditorFlags: 0
  m_IsActive: 1
--- !u!4 &4671777423447433
Transform:
  m_ObjectHideFlags: 1
  m_PrefabParentObject: {fileID: 0}
  m_PrefabInternal: {fileID: 100100000}
  m_GameObject: {fileID: 1358286470652046}
  m_LocalRotation: {x: 3.003488E-11, y: -3.740175E-09, z: 0.09747831, w: 0.9952376}
  m_LocalPosition: {x: -0.1353551, y: 7.450581E-09, z: 7.450581E-09}
  m_LocalScale: {x: 0.9999999, y: 0.9999999, z: 0.9999999}
  m_Children:
  - {fileID: 4076909900691285}
  m_Father: {fileID: 4349975159629318}
  m_RootOrder: 0
  m_LocalEulerAnglesHint: {x: -3.835311E-08, y: 4.268869E-07, z: -11.18796}
--- !u!1 &1833550724910328
GameObject:
  m_ObjectHideFlags: 1
  m_PrefabParentObject: {fileID: 0}
  m_PrefabInternal: {fileID: 100100000}
  serializedVersion: 5
  m_Component:
  - component: {fileID: 4076909900691285}
  m_Layer: 0
  m_Name: Bip01 R Foot
  m_TagString: Untagged
  m_Icon: {fileID: 0}
  m_NavMeshLayer: 0
  m_StaticEditorFlags: 0
  m_IsActive: 1
--- !u!4 &4076909900691285
Transform:
  m_ObjectHideFlags: 1
  m_PrefabParentObject: {fileID: 0}
  m_PrefabInternal: {fileID: 100100000}
  m_GameObject: {fileID: 1833550724910328}
  m_LocalRotation: {x: -0.07293733, y: -0.05622547, z: 0.4732346, w: 0.8761095}
  m_LocalPosition: {x: -0.1139012, y: 9.313226E-10, z: -7.450581E-09}
  m_LocalScale: {x: 0.9999998, y: 0.9999998, z: 0.9999999}
  m_Children:
  - {fileID: 4585098780336533}
  m_Father: {fileID: 4671777423447433}
  m_RootOrder: 0
  m_LocalEulerAnglesHint: {x: -10.43364, y: 1.68969, z: -56.9061}
--- !u!1 &1148997531551169
GameObject:
  m_ObjectHideFlags: 1
  m_PrefabParentObject: {fileID: 0}
  m_PrefabInternal: {fileID: 100100000}
  serializedVersion: 5
  m_Component:
  - component: {fileID: 4585098780336533}
  m_Layer: 0
  m_Name: Bip01 R Toe0
  m_TagString: Untagged
  m_Icon: {fileID: 0}
  m_NavMeshLayer: 0
  m_StaticEditorFlags: 0
  m_IsActive: 1
--- !u!4 &4585098780336533
Transform:
  m_ObjectHideFlags: 1
  m_PrefabParentObject: {fileID: 0}
  m_PrefabInternal: {fileID: 100100000}
  m_GameObject: {fileID: 1148997531551169}
  m_LocalRotation: {x: 0, y: 0, z: -0.7071068, w: 0.7071068}
  m_LocalPosition: {x: -0.02118322, y: 0.164346, z: 0}
  m_LocalScale: {x: 1, y: 1, z: 1}
  m_Children:
  - {fileID: 4644767046740751}
  m_Father: {fileID: 4076909900691285}
  m_RootOrder: 0
  m_LocalEulerAnglesHint: {x: 0, y: 0, z: 90}
--- !u!1 &1240283251826892
GameObject:
  m_ObjectHideFlags: 1
  m_PrefabParentObject: {fileID: 0}
  m_PrefabInternal: {fileID: 100100000}
  serializedVersion: 5
  m_Component:
  - component: {fileID: 4644767046740751}
  m_Layer: 0
  m_Name: Bip01 R Toe0Nub
  m_TagString: Untagged
  m_Icon: {fileID: 0}
  m_NavMeshLayer: 0
  m_StaticEditorFlags: 0
  m_IsActive: 1
--- !u!4 &4644767046740751
Transform:
  m_ObjectHideFlags: 1
  m_PrefabParentObject: {fileID: 0}
  m_PrefabInternal: {fileID: 100100000}
  m_GameObject: {fileID: 1240283251826892}
  m_LocalRotation: {x: 0, y: 0, z: 1.490116E-08, w: 1}
  m_LocalPosition: {x: -0.0002473295, y: 7.450581E-09, z: 0}
  m_LocalScale: {x: 1, y: 1, z: 1}
  m_Children: []
  m_Father: {fileID: 4585098780336533}
  m_RootOrder: 0
  m_LocalEulerAnglesHint: {x: 0, y: 0, z: -1.707547E-06}
--- !u!1 &1586011746881335
GameObject:
  m_ObjectHideFlags: 1
  m_PrefabParentObject: {fileID: 0}
  m_PrefabInternal: {fileID: 100100000}
  serializedVersion: 5
  m_Component:
  - component: {fileID: 4664876016927072}
  m_Layer: 0
  m_Name: Ribbon L01
  m_TagString: Untagged
  m_Icon: {fileID: 0}
  m_NavMeshLayer: 0
  m_StaticEditorFlags: 0
  m_IsActive: 1
--- !u!4 &4664876016927072
Transform:
  m_ObjectHideFlags: 1
  m_PrefabParentObject: {fileID: 0}
  m_PrefabInternal: {fileID: 100100000}
  m_GameObject: {fileID: 1586011746881335}
  m_LocalRotation: {x: -0.09716699, y: 0.995064, z: -0.006732281, w: 0.01899999}
  m_LocalPosition: {x: 1.192093E-07, y: 1.313165E-07, z: 0.08023091}
  m_LocalScale: {x: 1, y: 1, z: 1}
  m_Children:
  - {fileID: 4100618133666958}
  m_Father: {fileID: 4306298890859485}
  m_RootOrder: 1
  m_LocalEulerAnglesHint: {x: -179.0201, y: -2.091996, z: 168.8277}
--- !u!1 &1216068991686997
GameObject:
  m_ObjectHideFlags: 1
  m_PrefabParentObject: {fileID: 0}
  m_PrefabInternal: {fileID: 100100000}
  serializedVersion: 5
  m_Component:
  - component: {fileID: 4100618133666958}
  m_Layer: 0
  m_Name: Bip01 L Calf
  m_TagString: Untagged
  m_Icon: {fileID: 0}
  m_NavMeshLayer: 0
  m_StaticEditorFlags: 0
  m_IsActive: 1
--- !u!4 &4100618133666958
Transform:
  m_ObjectHideFlags: 1
  m_PrefabParentObject: {fileID: 0}
  m_PrefabInternal: {fileID: 100100000}
  m_GameObject: {fileID: 1216068991686997}
  m_LocalRotation: {x: -4.123842E-10, y: 1.831167E-09, z: 0.09747832, w: 0.9952376}
  m_LocalPosition: {x: -0.1353551, y: 7.450581E-09, z: 7.450581E-09}
  m_LocalScale: {x: 1, y: 0.9999999, z: 1}
  m_Children:
  - {fileID: 4685890414783989}
  m_Father: {fileID: 4664876016927072}
  m_RootOrder: 0
  m_LocalEulerAnglesHint: {x: -2.657621E-08, y: -2.134434E-07, z: -11.18796}
--- !u!1 &1654180526981967
GameObject:
  m_ObjectHideFlags: 1
  m_PrefabParentObject: {fileID: 0}
  m_PrefabInternal: {fileID: 100100000}
  serializedVersion: 5
  m_Component:
  - component: {fileID: 4685890414783989}
  m_Layer: 0
  m_Name: Bip01 L Foot
  m_TagString: Untagged
  m_Icon: {fileID: 0}
  m_NavMeshLayer: 0
  m_StaticEditorFlags: 0
  m_IsActive: 1
--- !u!4 &4685890414783989
Transform:
  m_ObjectHideFlags: 1
  m_PrefabParentObject: {fileID: 0}
  m_PrefabInternal: {fileID: 100100000}
  m_GameObject: {fileID: 1654180526981967}
  m_LocalRotation: {x: 0.07293729, y: 0.0562254, z: 0.4732347, w: 0.8761095}
  m_LocalPosition: {x: -0.1139012, y: 0, z: -1.490116E-08}
  m_LocalScale: {x: 0.9999999, y: 0.9999999, z: 0.9999999}
  m_Children:
  - {fileID: 4274081573013593}
  m_Father: {fileID: 4100618133666958}
  m_RootOrder: 0
  m_LocalEulerAnglesHint: {x: 10.43363, y: -1.689686, z: -56.9061}
--- !u!1 &1094802086404880
GameObject:
  m_ObjectHideFlags: 1
  m_PrefabParentObject: {fileID: 0}
  m_PrefabInternal: {fileID: 100100000}
  serializedVersion: 5
  m_Component:
  - component: {fileID: 4274081573013593}
  m_Layer: 0
  m_Name: Bip01 L Toe0
  m_TagString: Untagged
  m_Icon: {fileID: 0}
  m_NavMeshLayer: 0
  m_StaticEditorFlags: 0
  m_IsActive: 1
--- !u!4 &4274081573013593
Transform:
  m_ObjectHideFlags: 1
  m_PrefabParentObject: {fileID: 0}
  m_PrefabInternal: {fileID: 100100000}
  m_GameObject: {fileID: 1094802086404880}
  m_LocalRotation: {x: -2.634178E-09, y: 2.634178E-09, z: -0.7071068, w: 0.7071068}
  m_LocalPosition: {x: -0.02118322, y: 0.1643459, z: 7.450581E-09}
  m_LocalScale: {x: 1, y: 1, z: 1}
  m_Children:
  - {fileID: 4218411096919078}
  m_Father: {fileID: 4685890414783989}
  m_RootOrder: 0
  m_LocalEulerAnglesHint: {x: -4.268869E-07, y: 0, z: 90}
--- !u!1 &1083158238458335
GameObject:
  m_ObjectHideFlags: 1
  m_PrefabParentObject: {fileID: 0}
  m_PrefabInternal: {fileID: 100100000}
  serializedVersion: 5
  m_Component:
  - component: {fileID: 4218411096919078}
  m_Layer: 0
  m_Name: Bip01 L Toe0Nub
  m_TagString: Untagged
  m_Icon: {fileID: 0}
  m_NavMeshLayer: 0
  m_StaticEditorFlags: 0
  m_IsActive: 1
--- !u!4 &4218411096919078
Transform:
  m_ObjectHideFlags: 1
  m_PrefabParentObject: {fileID: 0}
  m_PrefabInternal: {fileID: 100100000}
  m_GameObject: {fileID: 1083158238458335}
  m_LocalRotation: {x: -1.110223E-16, y: 3.72529E-09, z: 1, w: -2.980232E-08}
  m_LocalPosition: {x: -0.0002473295, y: 0, z: 0}
  m_LocalScale: {x: -1, y: -1, z: -1}
  m_Children: []
  m_Father: {fileID: 4274081573013593}
  m_RootOrder: 0
  m_LocalEulerAnglesHint: {x: 4.268868E-07, y: 0, z: 180}
--- !u!1 &1024257135294239
GameObject:
  m_ObjectHideFlags: 1
  m_PrefabParentObject: {fileID: 0}
  m_PrefabInternal: {fileID: 100100000}
  serializedVersion: 5
  m_Component:
  - component: {fileID: 4112940857556765}
  m_Layer: 0
  m_Name: UpBodyRotate
  m_TagString: Untagged
  m_Icon: {fileID: 0}
  m_NavMeshLayer: 0
  m_StaticEditorFlags: 0
  m_IsActive: 1
--- !u!4 &4112940857556765
Transform:
  m_ObjectHideFlags: 1
  m_PrefabParentObject: {fileID: 0}
  m_PrefabInternal: {fileID: 100100000}
  m_GameObject: {fileID: 1024257135294239}
  m_LocalRotation: {x: 0.5000095, y: -0.4999905, z: -0.5000095, w: -0.4999905}
  m_LocalPosition: {x: -0.02055483, y: 0, z: 0.08021915}
  m_LocalScale: {x: 1, y: 1, z: 1}
  m_Children:
  - {fileID: 4832568608409089}
  - {fileID: 4842119309082533}
  m_Father: {fileID: 4171643166517464}
  m_RootOrder: 2
  m_LocalEulerAnglesHint: {x: -90.00218, y: -90, z: 0}
--- !u!1 &1660971686847080
GameObject:
  m_ObjectHideFlags: 1
  m_PrefabParentObject: {fileID: 0}
  m_PrefabInternal: {fileID: 100100000}
  serializedVersion: 5
  m_Component:
  - component: {fileID: 4832568608409089}
  m_Layer: 0
  m_Name: Bip01 Prop1
  m_TagString: Untagged
  m_Icon: {fileID: 0}
  m_NavMeshLayer: 0
  m_StaticEditorFlags: 0
  m_IsActive: 1
--- !u!4 &4832568608409089
Transform:
  m_ObjectHideFlags: 1
  m_PrefabParentObject: {fileID: 0}
  m_PrefabInternal: {fileID: 100100000}
  m_GameObject: {fileID: 1660971686847080}
  m_LocalRotation: {x: -4.954773E-07, y: 0.7070938, z: 0.7071196, w: -0.0003976034}
  m_LocalPosition: {x: 0.5364611, y: -0.008214466, z: -0.0003023547}
  m_LocalScale: {x: 0.9999999, y: 0.9999999, z: 0.9999999}
  m_Children: []
  m_Father: {fileID: 4112940857556765}
  m_RootOrder: 0
  m_LocalEulerAnglesHint: {x: 89.9979, y: 0.03217646, z: 179.9677}
--- !u!1 &1042880483893979
GameObject:
  m_ObjectHideFlags: 1
  m_PrefabParentObject: {fileID: 0}
  m_PrefabInternal: {fileID: 100100000}
  serializedVersion: 5
  m_Component:
  - component: {fileID: 4842119309082533}
  m_Layer: 0
  m_Name: Bip01 Spine
  m_TagString: Untagged
  m_Icon: {fileID: 0}
  m_NavMeshLayer: 0
  m_StaticEditorFlags: 0
  m_IsActive: 1
--- !u!4 &4842119309082533
Transform:
  m_ObjectHideFlags: 1
  m_PrefabParentObject: {fileID: 0}
  m_PrefabInternal: {fileID: 100100000}
  m_GameObject: {fileID: 1042880483893979}
  m_LocalRotation: {x: 1.741542E-05, y: 0.0002814911, z: -0.0001166752, w: 0.9999999}
  m_LocalPosition: {x: 0.02470732, y: -0.006221278, z: -1.414403E-05}
  m_LocalScale: {x: 1, y: 0.9999999, z: 0.9999999}
  m_Children:
  - {fileID: 4429035499549603}
  m_Father: {fileID: 4112940857556765}
  m_RootOrder: 1
  m_LocalEulerAnglesHint: {x: 0.001991897, y: -0.03225673, z: 0.01336944}
--- !u!1 &1545655543828371
GameObject:
  m_ObjectHideFlags: 1
  m_PrefabParentObject: {fileID: 0}
  m_PrefabInternal: {fileID: 100100000}
  serializedVersion: 5
  m_Component:
  - component: {fileID: 4429035499549603}
  m_Layer: 0
  m_Name: Bip01 Spine1
  m_TagString: Untagged
  m_Icon: {fileID: 0}
  m_NavMeshLayer: 0
  m_StaticEditorFlags: 0
  m_IsActive: 1
--- !u!4 &4429035499549603
Transform:
  m_ObjectHideFlags: 1
  m_PrefabParentObject: {fileID: 0}
  m_PrefabInternal: {fileID: 100100000}
  m_GameObject: {fileID: 1545655543828371}
  m_LocalRotation: {x: -7.633635E-14, y: -6.924428E-08, z: 0.02496549, w: 0.9996883}
  m_LocalPosition: {x: -0.1465352, y: -0.0001192798, z: -3.308358E-10}
  m_LocalScale: {x: 1, y: 1, z: 1}
  m_Children:
  - {fileID: 4677425817177785}
  m_Father: {fileID: 4842119309082533}
  m_RootOrder: 0
  m_LocalEulerAnglesHint: {x: -1.981052E-07, y: 7.932336E-06, z: -2.861132}
--- !u!1 &1358713119301738
GameObject:
  m_ObjectHideFlags: 1
  m_PrefabParentObject: {fileID: 0}
  m_PrefabInternal: {fileID: 100100000}
  serializedVersion: 5
  m_Component:
  - component: {fileID: 4677425817177785}
  m_Layer: 0
  m_Name: Bip01 Neck
  m_TagString: Untagged
  m_Icon: {fileID: 0}
  m_NavMeshLayer: 0
  m_StaticEditorFlags: 0
  m_IsActive: 1
--- !u!4 &4677425817177785
Transform:
  m_ObjectHideFlags: 1
  m_PrefabParentObject: {fileID: 0}
  m_PrefabInternal: {fileID: 100100000}
  m_GameObject: {fileID: 1358713119301738}
  m_LocalRotation: {x: 2.12096E-14, y: 6.534692E-08, z: -0.02356032, w: 0.9997224}
  m_LocalPosition: {x: -0.1333482, y: -0.008326937, z: -2.309559E-08}
  m_LocalScale: {x: 1, y: 1, z: 1}
  m_Children:
  - {fileID: 4679190763509983}
  - {fileID: 4234167721248113}
  - {fileID: 4875842981235343}
  m_Father: {fileID: 4429035499549603}
  m_RootOrder: 0
  m_LocalEulerAnglesHint: {x: -1.764221E-07, y: -7.486127E-06, z: 2.700063}
--- !u!1 &1687369976478947
GameObject:
  m_ObjectHideFlags: 1
  m_PrefabParentObject: {fileID: 0}
  m_PrefabInternal: {fileID: 100100000}
  serializedVersion: 5
  m_Component:
  - component: {fileID: 4679190763509983}
  m_Layer: 0
  m_Name: Bip01 Head
  m_TagString: Untagged
  m_Icon: {fileID: 0}
  m_NavMeshLayer: 0
  m_StaticEditorFlags: 0
  m_IsActive: 1
--- !u!4 &4679190763509983
Transform:
  m_ObjectHideFlags: 1
  m_PrefabParentObject: {fileID: 0}
  m_PrefabInternal: {fileID: 100100000}
  m_GameObject: {fileID: 1687369976478947}
  m_LocalRotation: {x: 3.155062E-14, y: 2.794256E-09, z: -0.001006753, w: 0.9999995}
  m_LocalPosition: {x: -0.03670806, y: -3.364123E-05, z: -9.331025E-11}
  m_LocalScale: {x: 1, y: 1, z: 1}
  m_Children:
  - {fileID: 4252020249187279}
  - {fileID: 4957912312010892}
  - {fileID: 4758016727555531}
  - {fileID: 4446367542377382}
  - {fileID: 4410910599328771}
  - {fileID: 4908454812834067}
  m_Father: {fileID: 4677425817177785}
  m_RootOrder: 0
  m_LocalEulerAnglesHint: {x: -3.18745E-10, y: -3.20198E-07, z: 0.1153654}
--- !u!1 &1727195412396694
GameObject:
  m_ObjectHideFlags: 1
  m_PrefabParentObject: {fileID: 0}
  m_PrefabInternal: {fileID: 100100000}
  serializedVersion: 5
  m_Component:
  - component: {fileID: 4252020249187279}
  m_Layer: 0
  m_Name: Bip01 HeadNub
  m_TagString: Untagged
  m_Icon: {fileID: 0}
  m_NavMeshLayer: 0
  m_StaticEditorFlags: 0
  m_IsActive: 1
--- !u!4 &4252020249187279
Transform:
  m_ObjectHideFlags: 1
  m_PrefabParentObject: {fileID: 0}
  m_PrefabInternal: {fileID: 100100000}
  m_GameObject: {fileID: 1727195412396694}
  m_LocalRotation: {x: -4.11748E-20, y: 0, z: 0, w: 1}
  m_LocalPosition: {x: -0.5870346, y: -9.313226E-10, z: 1.776357E-15}
  m_LocalScale: {x: 1, y: 1, z: 1}
  m_Children: []
  m_Father: {fileID: 4679190763509983}
  m_RootOrder: 0
  m_LocalEulerAnglesHint: {x: -4.718284E-18, y: 0, z: 0}
--- !u!1 &1369092622334779
GameObject:
  m_ObjectHideFlags: 1
  m_PrefabParentObject: {fileID: 0}
  m_PrefabInternal: {fileID: 100100000}
  serializedVersion: 5
  m_Component:
  - component: {fileID: 4957912312010892}
  m_Layer: 0
  m_Name: ear L
  m_TagString: Untagged
  m_Icon: {fileID: 0}
  m_NavMeshLayer: 0
  m_StaticEditorFlags: 0
  m_IsActive: 1
--- !u!4 &4957912312010892
Transform:
  m_ObjectHideFlags: 1
  m_PrefabParentObject: {fileID: 0}
  m_PrefabInternal: {fileID: 100100000}
  m_GameObject: {fileID: 1369092622334779}
  m_LocalRotation: {x: -0.3634907, y: 0.3597375, z: 0.6044821, w: 0.6107904}
  m_LocalPosition: {x: -0.1499239, y: -0.0546437, z: 0.301014}
  m_LocalScale: {x: 0.9999999, y: 0.9999998, z: 1}
  m_Children: []
  m_Father: {fileID: 4679190763509983}
  m_RootOrder: 1
  m_LocalEulerAnglesHint: {x: -1.095912, y: -61.50943, z: -88.75304}
--- !u!1 &1196142410489293
GameObject:
  m_ObjectHideFlags: 1
  m_PrefabParentObject: {fileID: 0}
  m_PrefabInternal: {fileID: 100100000}
  serializedVersion: 5
  m_Component:
  - component: {fileID: 4758016727555531}
  m_Layer: 0
  m_Name: ear R
  m_TagString: Untagged
  m_Icon: {fileID: 0}
  m_NavMeshLayer: 0
  m_StaticEditorFlags: 0
  m_IsActive: 1
--- !u!4 &4758016727555531
Transform:
  m_ObjectHideFlags: 1
  m_PrefabParentObject: {fileID: 0}
  m_PrefabInternal: {fileID: 100100000}
  m_GameObject: {fileID: 1196142410489293}
  m_LocalRotation: {x: 0.3692843, y: -0.3654712, z: 0.6010329, w: 0.6073051}
  m_LocalPosition: {x: -0.1459331, y: -0.07858383, z: -0.3097225}
  m_LocalScale: {x: 1, y: 1, z: 1}
  m_Children: []
  m_Father: {fileID: 4679190763509983}
  m_RootOrder: 2
  m_LocalEulerAnglesHint: {x: 1.147464, y: 62.5992, z: -88.7075}
--- !u!1 &1907075952216356
GameObject:
  m_ObjectHideFlags: 1
  m_PrefabParentObject: {fileID: 0}
  m_PrefabInternal: {fileID: 100100000}
  serializedVersion: 5
  m_Component:
  - component: {fileID: 4446367542377382}
  m_Layer: 0
  m_Name: Hat 01
  m_TagString: Untagged
  m_Icon: {fileID: 0}
  m_NavMeshLayer: 0
  m_StaticEditorFlags: 0
  m_IsActive: 1
--- !u!4 &4446367542377382
Transform:
  m_ObjectHideFlags: 1
  m_PrefabParentObject: {fileID: 0}
  m_PrefabInternal: {fileID: 100100000}
  m_GameObject: {fileID: 1907075952216356}
  m_LocalRotation: {x: 4.558031E-07, y: -2.42502E-07, z: 0.6352593, w: 0.7722989}
  m_LocalPosition: {x: -0.5186664, y: -0.2279255, z: -3.576279E-07}
  m_LocalScale: {x: 1, y: 1, z: 1}
  m_Children:
  - {fileID: 4692941451986319}
  m_Father: {fileID: 4679190763509983}
  m_RootOrder: 3
  m_LocalEulerAnglesHint: {x: 2.268507E-05, y: 5.464151E-05, z: -78.87844}
--- !u!1 &1550279835558696
GameObject:
  m_ObjectHideFlags: 1
  m_PrefabParentObject: {fileID: 0}
  m_PrefabInternal: {fileID: 100100000}
  serializedVersion: 5
  m_Component:
  - component: {fileID: 4692941451986319}
  m_Layer: 0
  m_Name: Hat 02
  m_TagString: Untagged
  m_Icon: {fileID: 0}
  m_NavMeshLayer: 0
  m_StaticEditorFlags: 0
  m_IsActive: 1
--- !u!4 &4692941451986319
Transform:
  m_ObjectHideFlags: 1
  m_PrefabParentObject: {fileID: 0}
  m_PrefabInternal: {fileID: 100100000}
  m_GameObject: {fileID: 1550279835558696}
  m_LocalRotation: {x: 1.853232E-08, y: -1.606412E-07, z: 0.1146046, w: 0.9934112}
  m_LocalPosition: {x: -0.2014381, y: -1.299381E-05, z: -1.492208E-08}
  m_LocalScale: {x: 0.9999999, y: 0.9999999, z: 1}
  m_Children:
  - {fileID: 4839951149138967}
  m_Father: {fileID: 4446367542377382}
  m_RootOrder: 0
  m_LocalEulerAnglesHint: {x: -9.267624E-13, y: 1.853022E-05, z: -13.16164}
--- !u!1 &1301423636897202
GameObject:
  m_ObjectHideFlags: 1
  m_PrefabParentObject: {fileID: 0}
  m_PrefabInternal: {fileID: 100100000}
  serializedVersion: 5
  m_Component:
  - component: {fileID: 4839951149138967}
  m_Layer: 0
  m_Name: Hat 03
  m_TagString: Untagged
  m_Icon: {fileID: 0}
  m_NavMeshLayer: 0
  m_StaticEditorFlags: 0
  m_IsActive: 1
--- !u!4 &4839951149138967
Transform:
  m_ObjectHideFlags: 1
  m_PrefabParentObject: {fileID: 0}
  m_PrefabInternal: {fileID: 100100000}
  m_GameObject: {fileID: 1301423636897202}
  m_LocalRotation: {x: 1.427866E-14, y: -1.106283E-15, z: 0.04701407, w: 0.9988942}
  m_LocalPosition: {x: -0.1419947, y: -5.00679E-06, z: 6.82121E-13}
  m_LocalScale: {x: 0.9999999, y: 0.9999999, z: 1}
  m_Children: []
  m_Father: {fileID: 4692941451986319}
  m_RootOrder: 0
  m_LocalEulerAnglesHint: {x: 1.628444E-12, y: 2.035555E-13, z: -5.389401}
--- !u!1 &1858392936352946
GameObject:
  m_ObjectHideFlags: 1
  m_PrefabParentObject: {fileID: 0}
  m_PrefabInternal: {fileID: 100100000}
  serializedVersion: 5
  m_Component:
  - component: {fileID: 4410910599328771}
  m_Layer: 0
  m_Name: Tentacles L
  m_TagString: Untagged
  m_Icon: {fileID: 0}
  m_NavMeshLayer: 0
  m_StaticEditorFlags: 0
  m_IsActive: 1
--- !u!4 &4410910599328771
Transform:
  m_ObjectHideFlags: 1
  m_PrefabParentObject: {fileID: 0}
  m_PrefabInternal: {fileID: 100100000}
  m_GameObject: {fileID: 1858392936352946}
  m_LocalRotation: {x: -0.4999998, y: 0.5000003, z: 0.4999998, w: 0.5000003}
  m_LocalPosition: {x: -0.7390634, y: 0.3035212, z: 0.2478072}
  m_LocalScale: {x: 1, y: 1, z: 1}
  m_Children: []
  m_Father: {fileID: 4679190763509983}
  m_RootOrder: 4
  m_LocalEulerAnglesHint: {x: -89.99994, y: -90, z: 0}
--- !u!1 &1148234007908073
GameObject:
  m_ObjectHideFlags: 1
  m_PrefabParentObject: {fileID: 0}
  m_PrefabInternal: {fileID: 100100000}
  serializedVersion: 5
  m_Component:
  - component: {fileID: 4908454812834067}
  m_Layer: 0
  m_Name: Tentacles R
  m_TagString: Untagged
  m_Icon: {fileID: 0}
  m_NavMeshLayer: 0
  m_StaticEditorFlags: 0
  m_IsActive: 1
--- !u!4 &4908454812834067
Transform:
  m_ObjectHideFlags: 1
  m_PrefabParentObject: {fileID: 0}
  m_PrefabInternal: {fileID: 100100000}
  m_GameObject: {fileID: 1148234007908073}
  m_LocalRotation: {x: -0.4999998, y: 0.5000003, z: 0.4999998, w: 0.5000003}
  m_LocalPosition: {x: -0.7390633, y: 0.3035219, z: -0.2469795}
  m_LocalScale: {x: 1, y: 1, z: 1}
  m_Children: []
  m_Father: {fileID: 4679190763509983}
  m_RootOrder: 5
  m_LocalEulerAnglesHint: {x: -89.99994, y: -90, z: 0}
--- !u!1 &1884929293432488
GameObject:
  m_ObjectHideFlags: 1
  m_PrefabParentObject: {fileID: 0}
  m_PrefabInternal: {fileID: 100100000}
  serializedVersion: 5
  m_Component:
  - component: {fileID: 4234167721248113}
  m_Layer: 0
  m_Name: Bip01 L Clavicle
  m_TagString: Untagged
  m_Icon: {fileID: 0}
  m_NavMeshLayer: 0
  m_StaticEditorFlags: 0
  m_IsActive: 1
--- !u!4 &4234167721248113
Transform:
  m_ObjectHideFlags: 1
  m_PrefabParentObject: {fileID: 0}
  m_PrefabInternal: {fileID: 100100000}
  m_GameObject: {fileID: 1884929293432488}
  m_LocalRotation: {x: -0.596457, y: 0.02158324, z: 0.8010436, w: -0.04585186}
  m_LocalPosition: {x: 0.002134323, y: -0.02504755, z: 0.05280395}
  m_LocalScale: {x: 1, y: 1, z: 1}
  m_Children:
  - {fileID: 4193127017504136}
  m_Father: {fileID: 4677425817177785}
  m_RootOrder: 1
  m_LocalEulerAnglesHint: {x: 17.24819, y: -72.47713, z: 160.7621}
--- !u!1 &1936272808378700
GameObject:
  m_ObjectHideFlags: 1
  m_PrefabParentObject: {fileID: 0}
  m_PrefabInternal: {fileID: 100100000}
  serializedVersion: 5
  m_Component:
  - component: {fileID: 4193127017504136}
  m_Layer: 0
  m_Name: Bip01 L UpperArm
  m_TagString: Untagged
  m_Icon: {fileID: 0}
  m_NavMeshLayer: 0
  m_StaticEditorFlags: 0
  m_IsActive: 1
--- !u!4 &4193127017504136
Transform:
  m_ObjectHideFlags: 1
  m_PrefabParentObject: {fileID: 0}
  m_PrefabInternal: {fileID: 100100000}
  m_GameObject: {fileID: 1936272808378700}
  m_LocalRotation: {x: 0.04652159, y: -0.1022799, z: 0.005767575, w: 0.9936505}
  m_LocalPosition: {x: -0.1647791, y: 0, z: 0}
  m_LocalScale: {x: 0.9999999, y: 1, z: 1}
  m_Children:
  - {fileID: 4484606564986751}
  m_Father: {fileID: 4234167721248113}
  m_RootOrder: 0
  m_LocalEulerAnglesHint: {x: 5.349408, y: 11.75912, z: -0.113856}
--- !u!1 &1285826761411704
GameObject:
  m_ObjectHideFlags: 1
  m_PrefabParentObject: {fileID: 0}
  m_PrefabInternal: {fileID: 100100000}
  serializedVersion: 5
  m_Component:
  - component: {fileID: 4484606564986751}
  m_Layer: 0
  m_Name: Bip01 L Forearm
  m_TagString: Untagged
  m_Icon: {fileID: 0}
  m_NavMeshLayer: 0
  m_StaticEditorFlags: 0
  m_IsActive: 1
--- !u!4 &4484606564986751
Transform:
  m_ObjectHideFlags: 1
  m_PrefabParentObject: {fileID: 0}
  m_PrefabInternal: {fileID: 100100000}
  m_GameObject: {fileID: 1285826761411704}
  m_LocalRotation: {x: -9.016794E-09, y: -1.537429E-08, z: 0.05031214, w: 0.9987336}
  m_LocalPosition: {x: -0.1464238, y: 0, z: 5.960464E-08}
  m_LocalScale: {x: 1, y: 1, z: 1}
  m_Children:
  - {fileID: 4503258996237912}
  m_Father: {fileID: 4193127017504136}
  m_RootOrder: 0
  m_LocalEulerAnglesHint: {x: -1.120578E-06, y: 1.707547E-06, z: -5.767782}
--- !u!1 &1136903561912612
GameObject:
  m_ObjectHideFlags: 1
  m_PrefabParentObject: {fileID: 0}
  m_PrefabInternal: {fileID: 100100000}
  serializedVersion: 5
  m_Component:
  - component: {fileID: 4503258996237912}
  m_Layer: 0
  m_Name: Bip01 L Hand
  m_TagString: Untagged
  m_Icon: {fileID: 0}
  m_NavMeshLayer: 0
  m_StaticEditorFlags: 0
  m_IsActive: 1
--- !u!4 &4503258996237912
Transform:
  m_ObjectHideFlags: 1
  m_PrefabParentObject: {fileID: 0}
  m_PrefabInternal: {fileID: 100100000}
  m_GameObject: {fileID: 1136903561912612}
  m_LocalRotation: {x: -0.7068252, y: 9.553483E-09, z: 1.152073E-08, w: 0.7073883}
  m_LocalPosition: {x: -0.08813384, y: 1.490116E-08, z: -5.960464E-08}
  m_LocalScale: {x: 0.9999999, y: 1, z: 1}
  m_Children: []
  m_Father: {fileID: 4484606564986751}
  m_RootOrder: 0
  m_LocalEulerAnglesHint: {x: -89.95438, y: -1.707547E-06, z: -1.600826E-07}
--- !u!1 &1025844961553529
GameObject:
  m_ObjectHideFlags: 1
  m_PrefabParentObject: {fileID: 0}
  m_PrefabInternal: {fileID: 100100000}
  serializedVersion: 5
  m_Component:
  - component: {fileID: 4875842981235343}
  m_Layer: 0
  m_Name: Bip01 R Clavicle
  m_TagString: Untagged
  m_Icon: {fileID: 0}
  m_NavMeshLayer: 0
  m_StaticEditorFlags: 0
  m_IsActive: 1
--- !u!4 &4875842981235343
Transform:
  m_ObjectHideFlags: 1
  m_PrefabParentObject: {fileID: 0}
  m_PrefabInternal: {fileID: 100100000}
  m_GameObject: {fileID: 1025844961553529}
  m_LocalRotation: {x: 0.5964569, y: -0.02158544, z: 0.8010435, w: -0.04585352}
  m_LocalPosition: {x: 0.002134323, y: -0.02504726, z: -0.05280409}
  m_LocalScale: {x: 1, y: 1, z: 1}
  m_Children:
  - {fileID: 4246298080221584}
  m_Father: {fileID: 4677425817177785}
  m_RootOrder: 2
  m_LocalEulerAnglesHint: {x: -17.24918, y: 72.47703, z: 160.7611}
--- !u!1 &1693086418150227
GameObject:
  m_ObjectHideFlags: 1
  m_PrefabParentObject: {fileID: 0}
  m_PrefabInternal: {fileID: 100100000}
  serializedVersion: 5
  m_Component:
  - component: {fileID: 4246298080221584}
  m_Layer: 0
  m_Name: Bip01 R UpperArm
  m_TagString: Untagged
  m_Icon: {fileID: 0}
  m_NavMeshLayer: 0
  m_StaticEditorFlags: 0
  m_IsActive: 1
--- !u!4 &4246298080221584
Transform:
  m_ObjectHideFlags: 1
  m_PrefabParentObject: {fileID: 0}
  m_PrefabInternal: {fileID: 100100000}
  m_GameObject: {fileID: 1693086418150227}
  m_LocalRotation: {x: -0.04652159, y: 0.1022799, z: 0.005767585, w: 0.9936505}
  m_LocalPosition: {x: -0.1647791, y: 0, z: 0}
  m_LocalScale: {x: 0.9999999, y: 1, z: 1}
  m_Children:
  - {fileID: 4490899036783408}
  m_Father: {fileID: 4875842981235343}
  m_RootOrder: 0
  m_LocalEulerAnglesHint: {x: -5.349408, y: -11.75912, z: -0.1138572}
--- !u!1 &1538300672659156
GameObject:
  m_ObjectHideFlags: 1
  m_PrefabParentObject: {fileID: 0}
  m_PrefabInternal: {fileID: 100100000}
  serializedVersion: 5
  m_Component:
  - component: {fileID: 4490899036783408}
  m_Layer: 0
  m_Name: Bip01 R Forearm
  m_TagString: Untagged
  m_Icon: {fileID: 0}
  m_NavMeshLayer: 0
  m_StaticEditorFlags: 0
  m_IsActive: 1
--- !u!4 &4490899036783408
Transform:
  m_ObjectHideFlags: 1
  m_PrefabParentObject: {fileID: 0}
  m_PrefabInternal: {fileID: 100100000}
  m_GameObject: {fileID: 1538300672659156}
  m_LocalRotation: {x: 8.086652E-09, y: 1.532743E-08, z: 0.05031215, w: 0.9987336}
  m_LocalPosition: {x: -0.1464238, y: 0, z: 5.960464E-08}
  m_LocalScale: {x: 1, y: 0.9999999, z: 0.9999999}
  m_Children:
  - {fileID: 4488101250938378}
  m_Father: {fileID: 4246298080221584}
  m_RootOrder: 0
  m_LocalEulerAnglesHint: {x: 1.013856E-06, y: -1.707547E-06, z: -5.767782}
--- !u!1 &1602676652759188
GameObject:
  m_ObjectHideFlags: 1
  m_PrefabParentObject: {fileID: 0}
  m_PrefabInternal: {fileID: 100100000}
  serializedVersion: 5
  m_Component:
  - component: {fileID: 4488101250938378}
  m_Layer: 0
  m_Name: Bip01 R Hand
  m_TagString: Untagged
  m_Icon: {fileID: 0}
  m_NavMeshLayer: 0
  m_StaticEditorFlags: 0
  m_IsActive: 1
--- !u!4 &4488101250938378
Transform:
  m_ObjectHideFlags: 1
  m_PrefabParentObject: {fileID: 0}
  m_PrefabInternal: {fileID: 100100000}
  m_GameObject: {fileID: 1602676652759188}
  m_LocalRotation: {x: 0.7068253, y: 3.785124E-09, z: 3.788139E-09, w: 0.7073883}
  m_LocalPosition: {x: -0.08813381, y: -7.450581E-09, z: 0}
  m_LocalScale: {x: 0.9999999, y: 1, z: 1}
  m_Children: []
  m_Father: {fileID: 4490899036783408}
  m_RootOrder: 0
  m_LocalEulerAnglesHint: {x: 89.95438, y: -1.126913E-14, z: -6.136499E-07}
--- !u!1 &1170676636374430
GameObject:
  m_ObjectHideFlags: 0
  m_PrefabParentObject: {fileID: 0}
  m_PrefabInternal: {fileID: 100100000}
  serializedVersion: 5
  m_Component:
  - component: {fileID: 4213217715512508}
  m_Layer: 0
  m_Name: Dummy01
  m_TagString: Untagged
  m_Icon: {fileID: 0}
  m_NavMeshLayer: 0
  m_StaticEditorFlags: 0
  m_IsActive: 1
--- !u!4 &4213217715512508
Transform:
  m_ObjectHideFlags: 1
  m_PrefabParentObject: {fileID: 0}
  m_PrefabInternal: {fileID: 100100000}
  m_GameObject: {fileID: 1170676636374430}
  m_LocalRotation: {x: -0.7071068, y: 0, z: 0, w: 0.7071068}
  m_LocalPosition: {x: 0, y: 0, z: 0}
  m_LocalScale: {x: 1, y: 1, z: 1}
  m_Children: []
  m_Father: {fileID: 4990214463877296}
  m_RootOrder: 1
  m_LocalEulerAnglesHint: {x: -90, y: 0, z: 0}
--- !u!1 &1214543816602972
GameObject:
  m_ObjectHideFlags: 0
  m_PrefabParentObject: {fileID: 0}
  m_PrefabInternal: {fileID: 100100000}
  serializedVersion: 5
  m_Component:
  - component: {fileID: 4945762083127597}
  - component: {fileID: 137945840604398270}
  m_Layer: 0
  m_Name: Prop_001
  m_TagString: Untagged
  m_Icon: {fileID: 0}
  m_NavMeshLayer: 0
  m_StaticEditorFlags: 0
  m_IsActive: 1
--- !u!4 &4945762083127597
Transform:
  m_ObjectHideFlags: 1
  m_PrefabParentObject: {fileID: 0}
  m_PrefabInternal: {fileID: 100100000}
  m_GameObject: {fileID: 1214543816602972}
  m_LocalRotation: {x: -0.7071068, y: 0, z: 0, w: 0.7071068}
  m_LocalPosition: {x: 0, y: 0, z: 1.820981E-08}
  m_LocalScale: {x: 1, y: 1, z: 1}
  m_Children: []
  m_Father: {fileID: 4990214463877296}
  m_RootOrder: 2
  m_LocalEulerAnglesHint: {x: -90, y: 0, z: 0}
--- !u!137 &137945840604398270
SkinnedMeshRenderer:
  m_ObjectHideFlags: 1
  m_PrefabParentObject: {fileID: 0}
  m_PrefabInternal: {fileID: 100100000}
  m_GameObject: {fileID: 1214543816602972}
  m_Enabled: 1
  m_CastShadows: 1
  m_ReceiveShadows: 1
  m_DynamicOccludee: 1
  m_MotionVectors: 1
  m_LightProbeUsage: 0
  m_ReflectionProbeUsage: 1
  m_Materials:
  - {fileID: 2100000, guid: dce57587052b4eae4be197dc1a4817f3, type: 2}
  m_StaticBatchInfo:
    firstSubMesh: 0
    subMeshCount: 0
  m_StaticBatchRoot: {fileID: 0}
  m_ProbeAnchor: {fileID: 0}
  m_LightProbeVolumeOverride: {fileID: 0}
  m_ScaleInLightmap: 1
  m_PreserveUVs: 0
  m_IgnoreNormalsForChartDetection: 0
  m_ImportantGI: 0
  m_StitchLightmapSeams: 0
  m_SelectedEditorRenderState: 3
  m_MinimumChartSize: 4
  m_AutoUVMaxDistance: 0.5
  m_AutoUVMaxAngle: 89
  m_LightmapParameters: {fileID: 0}
  m_SortingLayerID: 0
  m_SortingLayer: 0
  m_SortingOrder: 0
  serializedVersion: 2
  m_Quality: 0
  m_UpdateWhenOffscreen: 0
  m_skinnedMotionVectors: 1
  m_Mesh: {fileID: 4300000, guid: 89f6c2e407a4ffbc4676ed1a9c89dcbf, type: 2}
  m_Bones:
  - {fileID: 4679190763509983}
  - {fileID: 4664876016927072}
  - {fileID: 4306298890859485}
  - {fileID: 4234167721248113}
  - {fileID: 4429035499549603}
  - {fileID: 4349975159629318}
  - {fileID: 4842119309082533}
  - {fileID: 4193127017504136}
  - {fileID: 4484606564986751}
  - {fileID: 4503258996237912}
  - {fileID: 4875842981235343}
  - {fileID: 4677425817177785}
  - {fileID: 4246298080221584}
  - {fileID: 4490899036783408}
  - {fileID: 4488101250938378}
  - {fileID: 4100618133666958}
  - {fileID: 4685890414783989}
  - {fileID: 4671777423447433}
  - {fileID: 4076909900691285}
  - {fileID: 4446367542377382}
  - {fileID: 4839951149138967}
  - {fileID: 4692941451986319}
  - {fileID: 4957912312010892}
  - {fileID: 4758016727555531}
  - {fileID: 4410910599328771}
  - {fileID: 4908454812834067}
  m_BlendShapeWeights: []
  m_RootBone: {fileID: 4842119309082533}
  m_AABB:
    m_Center: {x: -0.2917515, y: -0.1065625, z: 0.01803929}
    m_Extent: {x: 0.8115076, y: 0.6935712, z: 0.8847767}
  m_DirtyAABB: 0
